3536 4999
944 434 45 26 Die
1020 434 77 25 beiden
1117 432 175 31 Weltreiſenden
1312 433 93 31 Wolſcht
1427 436 45 23 und
1491 433 155 25 Kindermann
1680 433 79 26 waren

902 462 117 30 jedenfall8
1036 464 73 24 weder
1147 463 89 29 Faſciſten
1253 463 51 34 noch
1323 464 19 24 S
1360 435 57 55 vl
1435 464 93 28 ſondern
1546 463 152 33 leichtſinnige,
1717 470 41 18 un-

903 492 117 35 erfahrene
1039 491 133 25 Studenten.
1206 492 35 29 In
1261 498 60 19 einer
1362 492 136 29 Anſichtskarte
1517 498 30 17 an
1566 497 31 18 mich
1639 494 42 22 aus
1699 491 61 30 Riga

903 522 123 29 bezeichnen
1046 522 28 28 fie
1090 517 47 62 ſich
1152 522 62 28 ſelbſt
1234 522 51 33 als
1305 521 84 30 „Max
1424 522 59 24 und
1515 521 122 24 Moriß“
1659 522 41 23 mit
1720 522 39 24 der

903 550 152 30 Unterſchrift:
1080 553 62 23 „Uns
1167 551 56 24 kann
1248 550 71 25 keiner
1344 552 69 23 was.“
1451 550 50 25 Das
1526 550 73 30 beſagt
1624 550 50 30 doch
1697 551 61 29 wohl

902 586 78 23 genug.

941 604 56 39 Jett
1010 604 66 48 ſihen
1089 608 57 31 Max
1163 610 46 24 und
1224 608 83 31 Moritz
1323 609 32 25 im
1372 608 144 31 Gefängnis.“

874 642 65 32 Auch
961 643 46 31 auf
1028 643 39 27 die
1089 642 154 34 Geſundheit
1267 644 44 26 de3
1332 644 68 26 alten
1422 642 81 32 Herrn
1526 642 106 32 Wolſc<t
1654 642 44 33 hat
1718 642 41 27 die

872 670 158 68 iſſregung
1044 675 142 38 zerrüttend
1210 676 108 38 gewirkt.
1356 675 56 27 Da3
1434 675 79 34 ergibt
1535 675 43 32 ſich
1601 680 52 24 aus
1676 675 82 27 einem

872 707 112 32 ſpäteren
1021 708 79 39 Briefe,
1122 709 43 37 der
1187 710 47 25 mit
1256 708 132 33 zitternder
1450 710 32 26 Hand
1504 708 149 32 geſchrieben
1675 708 36 32 iſt.

918 740 39 33 In
972 740 143 40 Leipzig
1130 741 66 26 wird
1210 740 50 34 jeht
1276 742 43 27 der
1333 741 77 32 Prozeß
1442 747 76 26 gegen
1534 740 38 28 die
1587 741 171 31 kommuniſti-

872 773 65 38 ſchen
960 773 171 32 Verſchwörer
1154 774 155 31 verhandelt,
1332 774 27 25 in
1390 774 55 25 dem
1478 778 49 21 von
1557 773 80 27 vielen
1667 773 91 27 Mord-

870 801 124 68 Ytojerten
1016 808 52 24 und
1089 806 61 38 auch
1171 810 50 23 von
1242 806 150 31 Weiſungen
1413 809 49 24 aus
1483 805 110 28 Moskau
1630 806 128 32 geſprochen

870 845 72 33 wird.
973 839 50 33 Hat
1038 846 62 19 man
1116 847 27 19 in
1159 839 112 27 Moskau
1286 841 48 24 das
1350 838 139 32 Beſtreben,
1504 838 89 31 dieſem
1660 838 97 33 auſpiel

871 880 40 19 ein
936 873 109 26 andere38
1072 872 254 32 gegenüberzuſtellen
1353 873 60 31 und,
1451 879 31 19 zur
1506 871 116 32 Abwehr,
1651 873 107 31 deutſche

870 905 230 33 Verſchwörungen
1145 914 17 18 zu
1195 904 143 33 enthüllen?
1387 904 126 32 Vielleicht
1545 904 64 27 wird
1643 906 115 31 mancher

870 939 84 32 ſagen:
1002 940 57 24 wa8
1105 944 78 26 gehen
1231 939 52 24 uns
1330 936 39 27 die
1416 936 197 33 unvorſichtigen
1661 937 96 32 jungen

870 971 96 38 Herren
1013 971 51 26 an?
1128 970 68 32 Zum
1243 969 136 31 mindeſten
1427 969 44 31 hat
1518 969 31 30 ſie
1597 970 58 31 doH
1702 970 55 28 ihre

870 1004 100 38 törichte
987 1003 204 39 Abenteuerluſt
1221 1003 27 25 in
1279 1002 62 31 dieſe
1370 1002 139 33 entſehliche
1540 1002 65 39 Lage
1636 1003 120 32 gebracht.

870 1037 73 26 Links
960 1038 66 25 wird
1044 1037 115 31 mancher
1176 1036 83 31 ſagen:
1278 1035 87 29 unſere
1382 1035 83 33 eigene
1482 1035 81 32 Juſtiz
1579 1036 29 30 iſt
1625 1037 61 30 auch
1704 1037 53 32 ſehr

869 1069 325 32 verbeſſerung3bedürftig,
1217 1070 52 24 und
1292 1068 78 26 neben
1393 1067 167 30 Jndividuen,
1583 1069 39 26 die
1643 1069 48 26 mit
1713 1070 43 26 der

864 1103 145 31 Grandezza
1019 1102 44 26 de3
1069 1101 83 31 Franz
1157 1099 79 25 Moor
1246 1101 39 23 die
1293 1085 68 53 Rolle
1367 1089 43 34 des
1416 1100 140 29 Schufterle
1561 1101 100 29 geſpielt
1667 1101 89 30 haben,

870 1136 88 38 ſehnen
973 1136 43 32 ſich
1029 1136 27 25 in
1070 1135 125 31 deutſchen
1206 1134 179 33 Gefängniſſen
1399 1133 61 28 viele
1473 1134 136 32 verführte,
1623 1135 73 30 dur
1706 1135 51 27 Not

869 1170 136 58 NEDE
1024 1168 125 32 Menſchen
1171 1176 33 18 nach
1250 1168 43 27 der
1314 1167 110 33 Freiheit,
1446 1168 56 31 na
1525 1166 69 28 Weib
1615 1170 51 24 und
1686 1168 73 26 Kind.

870 1202 82 38 Rechts
974 1206 62 23 wird
1060 1202 109 37 mancher
1190 1201 118 26 erklären:
1339 1206 69 21 wenn
1432 1200 63 30 dieſe,
1516 1199 169 29 Kindermann
1708 1201 50 25 und

870 1235 110 37 Wolſc<t,
1001 1234 48 32 ſich,
1071 1239 45 22 wie
1137 1240 60 19 man
1227 1233 133 32 behauptet,
1388 1233 44 27 mit
1460 1232 52 26 dem
1542 1232 216 32 kommuniſtiſchen

869 1266 143 39 Schwindel
1036 1266 140 38 abgegeben
1201 1265 89 31 haben,
1313 1265 25 31 ſo
1362 1264 167 30 intereſſieren
1554 1264 30 30 ſie
1608 1267 52 23 uns
1684 1265 72 32 nicht.

871 1301 41 27 Du
930 1300 73 27 lieber
1020 1300 68 31 Gott,
1105 1306 37 19 im
1159 1299 147 32 Sturmtanz
1321 1298 70 32 dieſer
1408 1297 80 31 Jahre
1504 1298 26 30 iſt
1546 1297 73 28 vieles
1636 1301 51 24 aus
1704 1300 54 24 dem

869 1333 65 27 Leim
953 1339 142 31 gegangen.
1121 1331 46 28 Die
1186 1331 118 32 ſuchende,
1324 1336 48 22 von
1391 1330 101 28 vielerlei
1512 1330 131 32 Sehnſucht
1664 1331 94 32 erfüllte

869 1367 101 31 Jugend
982 1367 26 30 iſt
1020 1365 57 27 bald
1089 1372 28 19 in
1129 1366 46 26 das
1186 1364 51 27 eine
1249 1365 51 25 und
1311 1363 58 27 bald
1381 1362 28 26 in
1422 1365 45 25 das
1479 1363 90 28 andere
1581 1362 71 28 trübe
1663 1363 93 31 Waſſer

871 1399 109 37 gefallen.
1009 1397 34 27 E3
1056 1398 27 31 iſt
1097 1397 37 37 die
1147 1396 121 32 Tragödie
1282 1398 42 24 der
1338 1396 98 32 Jugend
1450 1397 64 28 oder,
1528 1401 71 21 wenn
1614 1403 59 19 man
1687 1396 71 26 lieber

870 1431 58 30 will,
951 1431 38 26 ein
1011 1430 135 32 Ausſhnitt
1168 1431 49 24 aus
1241 1430 53 25 dem
1314 1428 99 28 Roman
1436 1429 39 27 der
1497 1428 59 32 Zeit,
1593 1428 55 26 Aus
1672 1427 85 31 dieſem

871 1463 107 31 Roman,
1000 1464 52 30 den,
1074 1461 188 33 weitumfaſſend
1286 1462 50 25 und
1358 1460 41 34 tief
1420 1459 127 33 ſchöpfend,
1570 1460 114 28 niemand
1708 1463 49 24 un3

872 1496 100 34 ſchreibt,

1062 1565 68 53 die
1152 1562 410 60 deukſch-franzöſiſchen

1043 1630 543 59 Birtſchaffsverhandlungen.

963 1704 211 30 (Telegramm
1189 1701 133 30 unjſere38
1341 1699 326 28 Korr»ſpondenten.)

1393 1744 28 30 L
1445 1743 95 28 Paris,
1558 1743 31 22 16.
1607 1742 110 28 Februar.

914 1785 68 25 Ueber
1007 1784 35 24 die
1066 1782 248 30 deutſch-franzöſiſchen
1339 1779 326 29 Wirtſchaftsverhandlungen
1691 1778 67 23 teilen

872 1819 33 23 die
923 1817 155 30 franzöſiſchen
1096 1816 124 30 Zeitungen
1239 1815 49 24 mit,
1306 1814 43 26 daß
1368 1812 201 30 Handels8miniſter
1588 1811 170 28 Raynaldy

872 1851 84 29 geſtern
978 1850 125 27 vormittag
1127 1850 48 22 dem
1198 1847 179 28 Staatsſekretär
1401 1845 180 24 Trendelen
1590 1843 81 29 burg
1695 1843 64 23 einen

872 1883 65 30 Brief
953 1883 123 29 übergeben
1093 1882 51 28 ließ,
1160 1882 25 22 in
1201 1882 48 22 dem
1266 1886 23 17 er
1305 1886 39 16 um
1359 1878 108 29 einige
1482 1876 201 29 ergänzende
1699 1875 61 24 Au-

872 1916 92 30 gaben
980 1914 100 30 erſuchte.
1112 1913 136 29 „Excelſior“
1266 1911 94 24 bemerkt
1376 1917 27 23 zu
1421 1910 68 27 dieſer
1507 1908 145 30 Mitteilung:
1670 1907 89 27 „Bevor

873 1950 58 28 Herr
952 1948 120 28 Raynaldy
1095 1947 35 24 die
1152 1945 160 28 deutſchen
1335 1942 202 29 Vorſchläge,
1560 1941 33 23 die
1615 1940 145 24 unabän»«

872 1980 115 29 derlich
1006 1987 27 22 zu
1051 1980 45 29 ſein
1116 1979 100 28 ſcheinen,
1236 1977 117 29 akzeptiert
1372 1977 53 22 oder
1444 1976 28 27 ſie
1490 1976 37 21 al3
1546 1973 150 24 unvereinbar
1717 1973 42 23 mit

871 2017 40 21 den
930 2013 155 29 franzöſiſchen
1103 2012 125 28 Intereſſen
1247 2009 142 30 zurückweiſt,
1408 2009 38 27 hat
1464 2014 24 17 er
1506 2009 23 21 es
1548 2006 51 29 nach
1617 2005 142 29 Rückſprache

871 2048 41 24 it
927 2046 74 29 ſeinen
1015 2045 164 25 Mitarbeitern
1195 2044 36 28 für
1248 2042 127 28 notwendig
1391 2041 109 29 gehalten,
1517 2046 38 16 um
1570 2039 48 23 eine
1649 2038 110 29 ſchrift-

872 2080 72 28 liche
967 2079 185 27 Erklärung
1176 2077 54 23 über
1255 2076 34 23 die
1312 2074 93 28 deutſche
1429 2072 133 29 Auffaſſung
1584 2077 27 22 zu
1636 2073 48 21 dem
1708 2072 50 22 end-

871 2112 101 29 gültigen
991 2111 111 29 Vertrage
1121 2116 27 23 zu
1167 2108 105 29 erſuchen.
1306 2107 44 24 Die
1368 2106 103 28 offizielle
1489 2104 212 28 Wiederaufnahme
1720 2104 38 23 der

872 2144 197 29 Verhandlungen,
1083 2143 34 23 die
1131 2143 37 25 für
1182 2142 64 28 heute
1258 2139 137 30 beabſichtigt
1409 2144 56 21 war,
1480 2137 25 29 iſt
1518 2139 42 22 aus
1573 2136 79 29 dieſem
1666 2136 92 25 Grunde

872 2177 50 34 noch
940 2177 84 25 einmal
1041 2175 185 30 verſchoben
1244 2174 97 23 worden.

1976 430 197 123 Ein
2222 464 284 86 neuer
2551 422 912 142 Sicherungsplan?

1936 598 67 53 die
2016 571 243 91 angeblichen
2277 597 286 59 Abmachungen

1887 664 170 60 zwiſchen
2076 664 147 58 Herriot
2241 665 75 49 und
2338 663 276 58 Chamberlain.

1810 743 136 34 Sicherung
1956 743 45 27 der
2011 741 175 35 franzöſiſchen
2197 742 53 27 und
2258 741 168 32 italieniſchen
2435 741 108 33 Grenze.
2554 755 27 5 --
2592 738 102 33 Vorerſt

1889 782 140 34 Ausſchluß
2047 781 183 33 Deutſchlands
2249 788 54 21 von
2319 782 50 27 den
2385 781 228 33 Verhandlungen.

1896 836 207 30 (Telegramm
2127 836 133 29 unſere3
2284 835 324 29 Korreſpondenten.)

2330 886 28 30 L
2381 885 97 29 Paris,
2496 887 30 23 16.
2544 885 109 28 Februar.

1853 923 34 27 In
1905 924 39 23 der
1964 922 206 30 Sonntagaus8gabe
2189 924 39 22 des
2248 922 104 26 „Matin“
2372 922 77 29 bringt
2469 922 69 26 Jule3
2558 919 135 25 Sauerwein

1813 956 47 36 ſehr
1880 956 132 29 eingehende
2033 956 164 29 Mitteilungen
2218 956 54 23 über
2294 956 62 23 einen
2377 955 68 27 Plan,
2468 956 37 22 der
2526 952 111 31 angeblic
2655 952 38 28 ſeit

1812 988 87 28 einigen
1923 988 91 28 Wochen
2039 994 43 17 von
2107 989 136 28 Herriot
2263 990 45 21 und
2333 987 232 28 Chamberlain
2590 991 103 22 erwog2?n

1812 1020 65 23 wird.
1909 1020 136 25 Sauerwein
2063 1021 54 29 ſagt,
2135 1021 42 27 daß
2195 1021 108 27 während
2320 1022 37 21 der
2375 1020 138 28 öffentlicgen
2531 1019 92 24 Debatte
2640 1018 53 23 über

1812 1055 41 21 das
1872 1053 119 29 Genfer
2006 1053 173 27 Protokoll
2200 1054 67 28 „zwei
2287 1053 100 23 Männer
2408 1052 37 27 ſich
2464 1052 32 23 im
2515 1051 70 29 ſtillen
2605 1050 89 26 bemüht

1811 1085 97 28 hatten“,
1925 1086 48 23 eine
2010 1086 213 24 vermittelnde
2236 1086 100 27 Löſung
2374 1085 102 29 zwiſchen
2493 1084 71 24 einem
2580 1083 113 28 Protokoll

1811 1122 43 19 von
1873 1118 143 29 allgemeiner
2036 1118 132 29 Bedeutung
2183 1120 46 22 und
2246 1118 198 28 beſonderen
2462 1116 233 28 Defenſivver»-

1812 1151 91 35 trägen
1937 1157 28 23 zu
1980 1151 82 27 finden,
2077 1151 109 28 „nämlich
2200 1151 93 29 Herriot
2308 1152 45 22 und
2366 1149 184 29 Chamberlain“.
2577 1149 69 23 Ueber
2660 1148 34 23 die

1811 1178 150 45 Einzelheiten
1978 1184 63 26 dürfe
2057 1184 51 27 noch
2123 1183 70 27 nichts
2210 1183 73 29 geſagt
2299 1184 95 22 werden,
2411 1184 27 22 da
2454 1182 34 23 die
2503 1181 191 28 Verhandluagen

1811 1216 77 22 weiter
1911 1215 80 29 gingen
2013 1217 44 21 und
2078 1216 66 28 durch
2165 1216 48 23 eine
2234 1216 121 28 vorzeitige
2376 1215 72 23 Kritik
2466 1214 118 29 geſchädigt
2606 1214 88 22 werden

1811 1246 100 25 könnten.
1945 1248 59 23 Aber
2024 1249 54 23 über
2098 1248 84 29 gewiſſe
2203 1248 246 29 grundſäßliche
2469 1247 161 29 Forderungen
2651 1246 44 22 und

1811 1280 41 36 das
1882 1280 58 29 Ziel,
1975 1281 41 23 das
2050 1287 54 17 man
2139 1281 108 27 erreichen
2283 1281 72 25 wolle,
2388 1280 82 28 beſtehe
2499 1279 83 24 bereits
2618 1278 76 28 Einig-

1810 1312 47 24 feit.
1913 1312 70 25 Ueber
2025 1314 41 23 da8
2107 1313 50 29 Ziel
2198 1313 60 24 wird
2301 1313 82 30 geſagt:
2434 1313 45 24 „E38
2518 1312 39 27 ſoll
2599 1311 95 28 verſucht

1810 1346 96 24 werden,
1950 1346 61 28 unac<g
2054 1348 49 22 den
2144 1346 30 24 in
2218 1346 72 27 Genf
2328 1346 183 27 empfohlenen
2553 1345 142 26 Methoden

1811 1377 77 24 einen
1912 1383 87 24 genau
2028 1381 169 26 umgrenzten
2224 1378 60 24 Teil
2313 1380 45 22 der
2385 1378 68 24 Welt
2481 1382 79 23 gegen
2587 1376 108 28 Kriegs-

1811 1410 91 37 gefahr
1925 1416 31 23 zu
1979 1411 102 27 fihern,
2101 1411 84 24 wobei
2209 1410 41 25 die
2274 1410 166 29 Möglichkeit
2464 1410 115 29 gewahrt
2603 1404 92 39 bleibt,

1808 1443 49 37 die
1893 1443 294 29 Vereinbarungen
2224 1443 237 28 auSszudehnen.
2495 1442 93 27 Dieſe
2623 1440 75 27 erſte

1808 1475 279 29 Sicherung38zone
2107 1476 124 28 umfaßt
2251 1475 50 24 die
2319 1474 147 29 weſtliche
2484 1475 60 22 und
2564 1473 134 28 ſüdliche

1809 1508 122 28 Grenze
1947 1508 249 28 Deutſ<land3;
2213 1509 57 22 denn
2287 1509 24 21 es
2326 1508 26 27 iſt
2369 1507 55 28 nicht
2440 1507 142 29 zweifelhaft,
2597 1505 44 29 daß
2657 1507 41 21 das

1809 1540 236 29 öſterreihiſche
2066 1540 96 25 Tirol
2182 1547 45 17 nur
2248 1539 109 29 ſcheinbar
2379 1539 91 28 Bayern
2490 1545 44 17 von
2554 1537 143 25 Norditatien

1809 1574 82 23 trennt.
1927 1573 234 28 Chamberlain
2183 1573 38 29 hat
2245 1573 32 23 im
2300 1572 137 28 Unterhauſe
2458 1572 83 29 geſagt:
2564 1571 64 25 „Wir
2650 1576 48 17 ver-

1810 1606 96 25 handeln
1930 1606 54 23 über
2009 1606 72 23 feinen
2107 1606 186 29 Sondervertrag
2318 1605 41 23 mit
2383 1605 62 23 einer
2469 1604 99 29 einzigen
2592 1603 106 24 Nation.“

1809 1638 49 24 Das
1878 1638 25 28 iſt
1924 1638 145 24 vollkommen
2090 1638 84 28 richtig,
2194 1639 28 22 da
2241 1639 39 21 der
2299 1637 70 28 Zwe>
2389 1639 38 21 der
2447 1637 190 28 Verhandiungen
2665 1636 35 23 die

1809 1670 175 30 Sicherung
2003 1672 53 22 des
2074 1676 121 24 ganzen
2215 1669 169 29 weſtlichen
2404 1670 129 26 Europa
2553 1669 31 28 iſt,
2604 1670 52 22 aber
2676 1670 23 21 es

1809 1703 26 27 iſt
1851 1703 77 28 ebenſo
1943 1703 72 28 wahr,
2032 1703 43 28 daß
2093 1703 38 28 ſich
2147 1702 41 29 erſt
2206 1702 188 28 Frankreich
2411 1703 60 22 und
2487 1702 148 28 England
2651 1706 48 18 ver-

1812 1735 114 29 ſtändigen
1941 1735 61 27 muß,
2015 1736 37 27 ehe
2066 1735 38 28 ſich
2119 1735 55 28 dieſe
2188 1735 76 23 beiden
2279 1735 85 24 Länder
2378 1734 42 24 mit
2433 1734 98 28 Italien,
2545 1733 95 29 Belgien
2654 1734 45 22 und

1810 1768 73 28 ſpäter
1899 1768 104 28 vielleicht
2018 1768 41 23 mit
2074 1768 97 29 Holland
2185 1774 28 22 zu
2227 1768 61 23 einer
2304 1766 180 31 Verſtändigung
2499 1766 91 30 gleicher
2605 1766 43 24 Art
2664 1772 36 23 zu-

1813 1799 182 30 ſammenfinden.
2024 1800 50 24 Das
2092 1800 54 28 erſte
2163 1800 97 29 Prinzip
2279 1800 37 27 für
2332 1799 47 24 eine
2397 1799 137 24 Entente
2553 1799 25 27 iſt
2596 1803 44 19 von
2659 1799 40 22 den

1810 1833 76 24 beiden
1928 1833 156 30 Regierungen
2127 1832 83 23 bereit3
2251 1833 132 22 anerfannt:
2425 1832 31 24 Es
2497 1832 26 27 iſt
2565 1831 136 28 notwendig,

1811 1866 37 28 ſih
1891 1866 75 23 über
2011 1866 48 23 die
2103 1865 347 29 Defenſiverbindung
2493 1870 34 22 zu
2570 1864 131 28 einigen

1810 1900 45 22 und
1902 1900 72 22 dann
2021 1899 47 26 exſt
2116 1898 57 24 eine
2219 1898 171 28 Abmachung
2435 1897 49 24 mit
2530 1897 171 27 Deutſchland

1811 1932 90 28 folgen
1937 1936 30 23 zu
2005 1931 80 27 laſſen
2122 1944 26 4 =
2185 1930 41 23 da38
2263 1928 59 30 heißt
2359 1931 41 22 mit
2437 1931 47 22 dem
2521 1929 76 24 Staat,
2633 1934 67 23 gegen

1810 1963 69 29 deſſen
1897 1963 106 29 Angriffe
2019 1969 53 17 man
2093 1962 38 29 ſich
2149 1962 88 29 ſchüßen
2257 1962 55 23 will.
2344 1961 104 30 Gegen
2468 1962 68 23 eine
2555 1961 144 24 Beteili-

1811 2002 82 24 gung
1909 1996 212 29 Deutſchlands
2168 1994 48 28 läßt
2242 1995 38 28 ſich
2304 1995 34 23 bei
2363 1994 156 29 vernünftiger
2544 1994 155 29 Ueberlegung

1811 2029 98 28 nicht3
1922 2029 195 24 einwenden.
2146 2028 31 25 Es
2191 2028 59 24 wird
2264 2028 32 23 im
2311 2028 115 29 Gegenteil
2441 2034 41 22 zur
2497 2027 149 28 Klärung
2660 2028 38 22 der

1809 2062 180 29 diplomatiſchen
2009 2062 58 29 Lage
2086 2062 123 28 beitragen,
2230 2067 66 17 wenn
2317 2061 210 28 Deutſchland
2546 2062 56 21 den
2623 2059 75 28 Pakt

1810 2096 56 23 mit
1884 2094 251 29 unterſchreibt,
2155 2095 57 23 denn
2232 2094 23 23 in
2276 2094 80 28 dieſem
2374 2094 62 28 Falle
2454 2095 77 22 würde
2550 2093 36 23 ein
2605 2092 94 29 Angriff

1809 2135 27 22 zu
1853 2128 91 30 gleicher
1960 2128 49 29 Zeit
2025 2128 52 28 auch
2094 2128 48 24 eine
2157 2128 240 28 Vertrags8verleung
2414 2127 65 28 ſein.“
2511 2126 136 24 Sauerwein
2665 2132 33 17 er-

1810 2162 57 23 flärt
1887 2163 24 22 e8
1931 2161 53 23 aber
2005 2161 78 28 nicht
2103 2161 52 28 für
2177 2161 280 27 wünſchen8wert,
2476 2160 58 27 daß
2555 2159 144 28 Deutſc<h-

2741 593 89 23 mator8
2859 588 139 30 wiedergibt,
3027 588 61 23 dann
3116 583 56 30 muß
3202 582 74 31 geſagt
3305 580 99 25 werden,
3432 576 46 29 daß
3506 582 24 17 in

2740 624 135 29 Auffaſſung
2905 622 39 24 der
2974 620 108 30 ſchwerſte
3110 613 247 32 Konſtruktionsfehler
3388 611 40 24 der
3456 615 78 32 ganze!

2741 659 61 29 liegt.
2831 657 64 30 Falls
2909 656 34 24 die
2956 653 120 25 Alliierten
3089 650 78 30 richtig
3181 649 93 25 erkannt
3288 646 79 29 haben,
3382 644 43 28 daß
3440 644 34 37 die
3488 636 48 38 Unt

2742 691 160 29 Teutſchlands
2924 689 66 23 unter
3013 686 72 28 dieſen
3107 681 207 29 Garantievertrag
3350 677 131 29 notwendig
3503 675 32 37 1ſt,

2742 725 80 27 dürfen
2841 724 28 28 ſie
2886 722 38 30 ſich
2938 720 52 31 auch)
3008 718 56 29 nicht
3083 720 38 21 der
3140 715 106 25 weiteren
3264 710 138 27 Erkenntnis
3419 707 117 29 verſchließ

2742 757 55 28 dieſe
2816 754 142 29 Unterſ<rift
2978 760 43 16 nur
3040 751 65 27 durch
3124 746 208 31 rehtzeitige
3349 744 61 24 und
3429 741 106 37 loyal

2743 790 185 28 handlungen
2969 785 91 28 erreicht
3079 784 89 22 werden
3187 780 63 24 fann.
3284 778 71 29 Jeder
3374 770 102 49 Verſuch,
3502 774 33 36 die

2744 823 71 29 jihrift
2838 819 159 30 Deutſchlands
3019 819 37 27 für
3078 816 35 23 ein
3134 814 134 24 Abkommen
3290 817 27 32 zu
3338 814 126 34 gewinnen,
3486 806 34 23 bei

2744 856 55 29 nicht
2817 855 109 24 mitreden
2948 852 81 27 durfte,
3050 850 59 23 wird
3131 848 38 27 auf
3192 844 193 30 Schwierigkeiten
3408 840 88 38 treffen.

2743 888 85 25 Artikel
2847 889 38 22 de3
2905 884 103 28 „Matin“
3029 883 60 29 heißt
3107 883 24 22 es
3150 883 61 21 dann
3228 878 88 24 weiter:
3335 875 62 27 „Der
3415 868 119 48 Sicher]

2744 924 135 26 vertrag
2895 920 77 23 könnte
2988 922 42 19 vor
3047 918 49 22 dem
3112 914 45 23 Rat
3174 914 39 22 des
3228 909 172 36 Völkerbundes
3414 913 25 17 in
3455 905 58 29 Genf
3530 910 6 18 1

2744 957 23 22 in
2791 956 38 22 der
2851 953 117 29 folgenden
3004 947 161 28 vereinfachten
3187 944 92 29 Formel
3302 937 137 45 präſentiert
3461 934 73 36 werde

2744 987 139 28 Weſtmächte
2909 985 74 28 ſagen:
3019 982 68 29 Jeder
3116 982 55 21 deu
3181 977 74 29 tſ<e
3282 972 137 31 Angriff
3430 1005 3 4 -
3447 977 67 24 gegen

2745 1022 63 22 einen
2826 1020 71 25 Punkt
2917 1019 37 22 der
2973 1014 138 30 Grenzlinie,
3129 1012 34 24 die
3180 1017 46 18 von
3243 1012 37 22 der
3299 1002 97 45 Nordſee
3410 1006 39 37 bis
3467 1010 51 22 zum

2745 1055 57 27 ſchen
2823 1053 65 23 Meer
2909 1051 56 29 geht,
2985 1048 59 24 wird
3064 1053 43 17 von
3128 1047 45 21 uns
3192 1045 37 22 als
3248 1042 37 24 ein
3304 1038 138 30 Angriff
3462 1042 72 24 gege

2745 1088 66 22 alle
2828 1085 116 26 betrachtet
2963 1082 96 23 werden.
3090 1072 213 42 Deutſchland
3321 1069 78 43 würde
3414 1073 97 26 dagegen
3529 1076 7 16 c

2746 1120 40 29 Ih
2806 1117 128 29 verpflichte
2955 1115 60 27 mich,
3051 1112 110 24 keinen
3196 1107 137 30 Angriff
3370 1104 105 27 dieſer
3498 1102 31 38 „A

2747 1151 239 26 unternehmen.
3024 1146 63 27 Dieſe
3108 1141 161 32 gegenſeitigen
3292 1139 158 27 Erklärungen
3472 1139 64 19 würd

2746 1185 134 23 Völkerbund
2902 1178 236 32 protokolliert
3173 1175 91 23 werden,
3300 1171 45 24 und
3367 1172 37 22 der
3425 1169 45 23 Rat
3479 1170 48 35 de3

2745 1219 77 23 würde
2840 1219 59 20 dann
2918 1214 69 26 ſofort
3006 1211 77 24 Mittel
3101 1209 82 27 ſuchen,
3201 1207 69 27 dieſes
3289 1205 90 26 Syſtem
3396 1202 53 28 auch
3466 1201 38 26 für
3522 1208 13 30 a

2746 1251 85 23 Teile
2850 1248 145 26 Europas
3015 1245 23 23 in
3058 1243 144 27 Anwendung
3222 1246 26 24 zu
3269 1237 114 28 bringen.“
3418 1235 117 24 Sauerwei

2748 1284 46 25 hier
2812 1283 32 23 die
2861 1280 144 27 Anmerkung,
3023 1277 42 27 daß
3083 1278 22 22 es
3123 1280 50 18 vom
3192 1271 149 30 franzöſiſchen
3359 1268 140 36 Standpunkt
3517 1274 19 30 a

2749 1317 67 24 wäre,
2833 1315 37 26 auf
2886 1312 70 27 dieſen
2972 1311 53 27 Pakt
3042 1315 25 23 zu
3084 1307 121 28 verzichten,
3222 1311 63 18 wenn
3302 1301 143 28 Deutichland
3461 1300 43 28 ſein
3521 1300 14 22 C

2749 1347 132 27 verſprechen
2898 1344 54 27 nicht
2968 1343 50 27 auch
3035 1342 36 27 auf
3088 1341 33 23 die
3136 1337 115 30 öſtliche
3267 1336 119 27 Grenze
3401 1328 114 46 ausdehnt.

2748 1381 21 23 jo
2789 1380 58 28 fährt
2866 1385 22 17 er
2908 1378 50 26 fort,
2978 1377 36 24 „es
3033 1375 25 28 iſt
3076 1373 54 26 nicht
3149 1371 78 30 geſagt,
3247 1369 41 29 daß
3306 1368 101 28 England
3427 1365 37 37 fiH
3484 1360 50 37 auch

2749 1413 58 27 kunft
2828 1412 36 27 auf
2885 1411 34 23 die
2938 1410 98 28 Grenzen
3057 1405 154 28 Deutſchlands
3232 1405 43 22 und
3294 1401 32 24 im
3345 1398 143 29 Alpengebiet
3507 1397 29 23 be

2750 1445 64 26 wird,
2835 1450 62 17 wenn
2918 1445 24 21 es
2962 1439 126 31 Fronkreich
3110 1437 90 30 gelingt,
3237 1435 61 24 alle
3333 1426 200 39 Verbündete

2751 1476 168 32 zentralen
2943 1474 58 23 und
3026 1470 136 28 öſtlichen
3186 1468 147 26 Europa3
3357 1465 37 27 für
3419 1464 40 22 den
3485 1457 49 37 Gar

2752 1516 24 22 zu
2811 1506 132 32 gewinnen.“
2979 1506 33 27 In
3046 1504 64 23 dieſer
3130 1496 171 37 Vorausſezung
3335 1496 74 37 dürfte
3443 1496 37 27 ſih
3515 1495 18 29 F

2753 1543 98 27 täuſchen.
2883 1540 60 24 Denn
2961 1539 70 23 weder
3049 1534 155 31 Chamberlain
3223 1531 50 28 noh
3290 1531 113 28 irgendein
3419 1529 92 36 anderer
3531 1533 5 16 (

2752 1574 102 25 Miniſter
2869 1573 58 22 wird
2941 1571 35 29 für
2992 1570 21 28 ſo
3027 1568 142 29 weitgehende
3184 1564 124 26 Garantien
3322 1570 26 22 zu
3363 1567 120 30 gewinnen
3491 1560 42 27 ſein

2750 1607 57 24 wein
2823 1604 95 29 ſchließt:
2936 1603 48 26 „So
3000 1602 26 28 iſt
3042 1602 38 22 der
3096 1600 78 24 Stand
3188 1598 39 23 der
3244 1595 203 29 Verhandlungen,
3463 1594 35 21 die
3514 1599 20 15 r1

2752 1638 129 30 regelmäßig
2897 1635 152 29 weitergehen.
3081 1633 41 24 Die
3137 1629 190 27 Dominions
3344 1629 44 28 ſind
3404 1627 38 28 auf
3457 1628 48 34 dem
3520 1626 16 22 l

2753 1670 154 30 Chamberlain
2929 1669 95 29 gewinnt
3045 1665 120 29 allmählich
3187 1662 96 26 Terrain
3304 1662 24 23 in
3349 1661 37 24 der
3408 1659 124 28 Regierung

2753 1706 37 22 der
2814 1702 130 28 öffentlichen
2968 1700 108 29 Meinung
3099 1697 123 29 Englands.
3261 1688 131 45 Inzwiſchen
3415 1687 88 44 werden
3523 1691 12 23 d

2753 1735 145 30 verſtändigen
2921 1735 21 22 in
2964 1732 56 28 Genf
3042 1731 33 24 die
3097 1729 106 29 techniſche
3224 1726 159 30 Organiſation
3405 1724 131 35 vorbereitet

2754 1769 33 24 die
2802 1768 114 23 Kontrolle
2933 1765 62 29 durc<ß
3011 1765 41 22 den
3066 1763 138 25 Völkerbund
3219 1760 77 28 ſichern
3312 1758 44 29 ſoll,
3371 1762 63 19 wenn
3450 1758 32 21 die
3498 1751 38 37 Ve'

2754 1801 22 24 in
2796 1800 140 28 Deutſchland
2955 1798 53 27 dieſe
3026 1797 131 27 Aenderung
3176 1793 124 24 erlauben.“

2765 1832 60 30 In
2844 1833 37 22 der
2900 1828 214 31 Montagsausgabe
3132 1828 39 23 des
3189 1826 69 28 „Cho
3275 1825 26 22 de
3318 1823 86 29 Paris“
3423 1823 93 28 ergänzt

2750 1866 55 27 dieſe
2829 1864 108 29 Angaben
2961 1862 65 27 durch
3050 1861 35 23 die
3109 1859 144 28 Mitteilung,
3278 1857 44 28 daß
3345 1851 191 38 Chamberlc

2750 1898 84 24 bereit3
2856 1897 39 28 ſeit
2919 1896 166 27 mehreren
3107 1892 123 28 Wochen
3253 1890 143 28 bemühe,
3418 1888 53 29 auc
3494 1889 40 23 den

2750 1931 88 29 kanzler
2859 1930 118 27 Luther
3006 1928 37 27 für
3072 1926 72 28 dieſen
3164 1925 62 28 Plan
3255 1930 27 23 zu
3311 1923 126 29 gewinnen.
3493 1922 43 27 Hät

2749 1963 136 30 Herriot
2903 1968 37 17 am
2958 1961 33 23 2.
3010 1960 94 29 Januar
3123 1958 34 24 die
3175 1958 106 23 bekannte
3297 1956 60 24 Rede
3376 1955 111 29 gehalten,
3504 1955 32 22 da

2750 1995 176 29 wahrſcheinlich
2940 1994 45 29 jekt
3000 1992 83 24 bereits
3097 1992 42 23 das
3154 1991 95 28 deutſche
3263 1989 102 29 Angebot
3379 1988 61 24 eines
3455 1988 81 24 Garan

2751 2030 89 27 erfolgt.
2870 2028 47 24 Der
2932 2026 146 25 Mitarbeiter
3093 2026 39 22 de8
3148 2024 68 28 „Echo
3231 2024 25 23 de
3270 2022 85 29 Paris“
3372 2021 25 29 iſt
3412 2022 39 22 der
3466 2020 70 24 Mein!

2751 2062 55 28 dieſe
2824 2061 57 28 Jdee
2901 2060 47 23 eine
2967 2060 151 26 Erneuerung
3137 2058 39 22 des
3195 2061 44 19 von
3259 2056 99 28 Lloyd
3377 2055 125 27 George
3521 2054 14 23 it

2753 2096 51 22 1922
2819 2094 154 28 empfohlenen
2989 2092 81 28 Paktes
3085 2097 41 23 zur
3141 2089 155 29 Vermeidung
3309 2092 45 20 von
3369 2087 122 29 Angriffen
3505 2086 29 29 ſei

2752 2134 42 21 nax
2807 2127 87 28 glaubt,
2906 2126 43 27 daß
2961 2126 38 22 der
3012 2125 61 26 Plan
3086 2130 45 16 nur
3144 2124 61 22 dann
3217 2123 72 23 etwas
3302 2122 57 22 wert
3372 2121 36 28 ſei,
3420 2126 66 18 wenn
3498 2119 35 24 die

2751 2159 140 28 ralſtäbe
2909 2160 52 21 der
2980 2157 231 24 Verbündeten
3229 2156 42 23 das
3289 2154 65 29 Recht
3372 2153 110 28 erhalten,
3501 2154 10 21 d
3523 2159 12 16 a

3533 840 3 11 (

656 2190 67 64 4.11
1459 2217 7 6 “
1810 2195 76 23 land
1913 2195 66 29 jebt
2006 2194 81 38 ſchon
2114 2200 37 17 an
2171 2195 55 22 den
2246 2193 266 28 entſprechenden
2532 2192 166 28 Verhand-
2751 2193 31 23 in
2805 2191 215 28 Verbindung
3043 2196 35 22 zu
3102 2188 146 26 bleiben,
3271 2194 39 17 um
3341 2187 38 29 ſich
3403 2186 54 23 über
3489 2186 35 23 die

661 2252 4 6 Q
882 2243 10 10 "
1043 2231 42 71 6ij
1155 2245 44 52 m
1277 2245 26 50 jj
1330 2245 12 49 j
1385 2244 13 50 j
1453 2227 30 70 []
1559 2242 14 50 f
1810 2229 31 22 Iu
1851 2234 79 33 ngen
1951 2228 84 22 teiln
2044 2228 32 37 eh
2086 2233 56 20 me,
2165 2229 57 21 denn
2244 2228 39 21 der
2305 2226 167 29 Reichskanzler
2518 2226 93 28 Luther
2634 2225 65 24 wolle
2751 2225 108 28 deutſcher
2872 2224 105 29 Angriffe
2989 2229 27 23 zu
3029 2222 163 28 verſtändigen,
3206 2222 46 22 und
3265 2226 65 18 wenn
3345 2220 65 28 durch
3424 2219 34 24 die
3471 2219 20 23 N
3500 2225 10 17 e
3520 2225 14 17 u

663 2300 1 4 j
704 2276 7 31 FE
1087 2257 47 48 en
1201 2242 74 66 uſſo
1305 2256 23 38 n
1340 2250 25 49 []
1400 2253 36 40 m
1487 2251 70 41 ena
1574 2277 11 14 .
1810 2260 117 57 Wen
1949 2261 65 55 an
2036 2260 57 29 ſeine
2115 2260 157 55 ANI
2294 2260 55 23 über
2371 2259 64 23 einen
2457 2258 241 28 Garantiepakt
2751 2259 135 27 ſierung
2903 2258 53 22 de3
2973 2256 109 23 linken
3099 2254 204 29 Rheinufer8
3336 2254 39 23 der
3393 2252 130 29 Aufmarſch

658 2316 48 9 "UN
1825 2301 19 17 je
1897 2295 123 22 Verbündeten
2038 2300 59 19 „nur
2130 2299 41 23 dazu
2206 2293 88 29 bringen,
2313 2293 31 23 im
2362 2294 87 21 voraus
2468 2292 84 29 gewiſſe
2570 2291 128 24 Garantien
2751 2291 109 24 bündeten
2878 2289 96 24 Armeen
2992 2295 37 17 am
3046 2288 73 27 Rhein
3135 2287 70 24 mögli
3260 2288 81 22 emacht
3358 2287 80 22 werde.
3471 2285 65 24 Sola!

704 2339 7 31 1!
964 2318 195 30 Unveränderte
1176 2316 140 33 Annahme
1333 2317 45 25 der
1395 2307 280 56 Wahlreformvorlage
1811 2328 44 22 aus
1872 2328 38 22 der
1927 2327 66 28 Hand
2009 2333 27 23 zu
2054 2327 67 28 geben
2152 2326 46 23 und
2217 2326 39 27 auf
2275 2327 41 22 das
2333 2325 163 29 Kontrollreht
2513 2332 28 22 zu
2558 2324 142 30 verzichten".
2751 2324 164 29 Bedingungen
2935 2322 56 28 nicht
3011 2321 78 27 erfüllt
3108 2322 46 22 und
3174 2287 91 62 whg
3284 2287 57 61 it
3360 2319 53 29 auch
3431 2318 101 29 Polen

663 2373 16 16 j|
1108 2360 46 26 mit
1172 2357 49 28 214.
1238 2363 82 28 gegen
1338 2355 32 27 58
1388 2355 133 27 Stimmen.
1811 2361 73 37 Wenn
1926 2360 58 37 Herr
2027 2359 139 25 Sauerwein
2209 2359 44 23 mit
2295 2358 71 29 dieſen
2409 2358 94 24 Worten
2547 2357 56 30 nicht
2646 2357 53 27 bloß
2752 2356 153 29 Schußſyſtem
2925 2355 173 29 aufgenommen
3117 2353 82 27 werde,
3219 2353 29 29 ſci
3267 2353 39 24 der
3326 2352 106 30 engliſche
3450 2352 62 28 Plan
3520 2342 14 44 |

654 2407 58 32 "EN
963 2408 213 31 (Telegromm
1195 2404 134 31 unſeres
1348 2402 60 25 Kor
1418 2391 253 42 reſpondenten.)
1811 2393 59 29 ſeine
1913 2399 74 23 eigene
2030 2392 92 29 Anſicht,
2167 2392 96 28 ſondern
2307 2390 35 25 die
2372 2391 114 30 Meinung
2516 2390 71 29 ſeines
2617 2390 83 29 Infor-
2752 2389 109 30 lluſion.

653 2453 59 30 "4:10
1378 2445 62 28 ay
1463 2445 80 26 Rom,
1560 2443 30 23 16.
1607 2441 110 29 Februar.
1825 2437 45 40 ÖNETREE
1872 2437 36 40 TRIES
1912 2437 16 40 3hs
1940 2437 55 40 SEINEISST
1997 2437 36 40 ORE
2050 2437 68 40 HRLZIEGEEN
2122 2437 16 40 EIT
2142 2437 18 40 AFL
2165 2437 35 40 EUEIE
2212 2437 36 40 ENE
2255 2437 20 40 EIN
2282 2437 18 40 BEE
2310 2437 38 40 SCHHE
2357 2437 73 40 WOERNER
2445 2437 15 40 HH
2472 2437 21 40 EIE
2497 2437 68 40 WEGEN
2580 2437 30 40 HELI
2620 2437 50 40 EGSIE
2680 2437 48 40 NRO
2745 2437 8 40 HE
2765 2437 33 40 EIER
2805 2437 35 40 AEN
2847 2437 81 40 MPELLRET
2930 2437 78 40 SEINER
3025 2437 38 40 WARN
3075 2437 53 40 WRE
3150 2437 65 40 NOREEN
3225 2437 33 40 HEER
3265 2437 15 40 IE
3287 2437 71 40 WEPRIIUE
3375 2437 18 40 IN
3397 2437 138 40 IREÄHENIZILDENG

657 2490 68 31 4:10
912 2490 53 26 Div.
1007 2488 85 26 Gynes.
1135 2486 47 28 hat!
1224 2484 42 24 die
1305 2476 66 66 „els
1379 2482 49 26 Sa
1457 2476 75 66 Auggen
1544 2476 59 66 228:
1643 2478 52 57 vr
1715 2478 45 22 vd
1813 2503 70 28 ſeiner
1912 2502 125 24 Nummern,
2074 2500 44 28 daß
2148 2502 23 21 e38
2202 2499 38 28 ſich
2269 2499 24 23 in
2323 2499 48 22 dem
2399 2467 87 64 Prozeß
2516 2496 55 29 niht
2600 2503 39 17 um
2669 2495 34 24 die

680 2524 31 17 4!
1385 2530 7 8 .
1435 2513 30 24 Die
1521 2512 111 24 liberalen
1697 2515 62 18 egen»
2039 2518 6 8 .

657 2559 3 24 4
867 2517 42 74 321
931 2521 217 65 Sativa
1190 2522 124 58 "Each
1364 2520 18 20 1
1390 2548 42 24 Die
1466 2520 11 18 /
1498 2546 130 29 Regierung
1695 2512 64 64 fegte
1811 2536 86 28 Herren
1924 2535 82 36 Sklarz
2031 2535 46 22 und
2103 2528 113 46 Neuhöfer
2242 2531 111 37 handele,
2367 2531 58 23 denn
2450 2530 35 23 die
2511 2530 86 28 Herren
2623 2525 81 39 Sklarz
2983 2499 176 61 Politiſche
3185 2496 233 62 Tagesſchau.

656 2584 55 22 70,9
872 2591 42 24 mit
958 2589 48 25 214
1054 2592 81 25 gegen
1183 2585 36 24 58
1270 2584 145 26 Stimmen.
1478 2580 57 28 Auch
1584 2577 69 29 dieſer
1703 2576 58 30 Sieg
1811 2569 45 22 und
1894 2567 112 38 Neuhöfer
2046 2566 76 28 hätten
2160 2565 134 37 überhaupt
2326 2564 58 36 keine
2421 2558 65 47 Ehre,
2526 2562 94 28 ſondern
2660 2567 43 17 nur
2796 2563 10 11 *
2824 2560 81 30 „Wir
2923 2561 96 24 denken
3036 2561 73 26 mehr
3128 2564 36 19 an
3183 2558 41 24 die
3243 2558 93 24 innere
3355 2556 130 28 Pälitik.“
3517 2556 19 24 A

655 2624 51 17 18]
871 2623 135 28 Muſſolinis
1054 2622 48 23 fam
1152 2619 57 29 ni<ht
1258 2616 146 25 unerwartet.
1453 2614 115 29 Höchſten3
1616 2609 143 30 überraſchte.
1783 2603 17 52 |
1812 2607 47 17 27
1882 2601 48 22 die
1953 2598 225 30 Feſtſtellung,
2201 2598 131 22 wieviel
2356 2596 43 28 ſie
2422 2602 31 31 in
2476 2594 226 39 Wöllersdorf
2720 2582 18 55 |
2754 2594 60 29 Tage
2835 2594 39 23 der
2896 2592 166 29 Reichskanzler
3084 2591 43 24 Dr.
3148 2591 83 28 Luther
3247 2590 32 37 in
3300 2590 125 29 Stuttgart
3446 2588 82 26 weilte,

655 2648 59 22 8,30
872 2658 43 28 daß
934 2657 34 23 die
987 2654 141 30 Oppoſition,
1150 2653 34 22 die
1204 2651 52 29 noch
1275 2650 74 29 jüngſt
1379 2649 34 23 bei
1445 2648 38 23 der
1516 2633 244 45 Sculreformdebatte
1811 2633 161 30 geſtohlen
1996 2632 120 28 hätten.
2134 2630 60 24 Man
2211 2630 38 38 ſah
2267 2630 49 23 dem
2333 2628 87 30 Prozeß
2437 2635 24 16 in
2478 2624 64 46 Wien
2560 2629 41 22 mit
2618 2632 83 32 großer
2753 2624 302 38 deutſhnationale
3081 2618 216 45 württembergiſche
3329 2617 202 37 Staatkspräſident

665 2697 2 12 j
872 2692 26 23 62
912 2691 116 25 Stimmen
1041 2688 89 30 erzielte,
1151 2686 40 28 auf
1204 2687 27 22 58
1243 2683 131 31 herabging.
1403 2683 48 22 Und
1464 2681 50 28 doch
1526 2680 60 29 hatte
1600 2678 49 23 eine
1663 2682 98 25 ganze
1813 2667 130 29 Spannung
1962 2667 111 27 entgegen.
2108 2664 74 29 Gegen
2198 2665 35 22 die
2252 2663 84 29 Kläger
2356 2661 88 29 ſchwebt
2464 2661 39 28 ſeit
2523 2660 111 24 Monaten
2654 2665 48 17 eine
2721 2651 16 49 |
2753 2656 234 39 auseinandergeſekzt,
3008 2656 34 23 die
3062 2655 83 28 äußere
3165 2654 84 36 Politik
3270 2654 56 29 habe
3347 2654 39 23 der
3407 2652 99 30 Kanzler
3525 2653 10 36 |

679 2727 32 17 u
872 2724 96 29 Reihe
988 2728 58 18 von
1067 2705 188 40 Senatoren
1276 2717 34 23 bei
1330 2718 38 22 der
1388 2713 137 30 Ausſprache
1544 2712 130 29 ſchärfſtens
1693 2716 68 24 gegen
1812 2695 341 33 Strafunterſuchung
2195 2702 105 23 wegen
2329 2695 177 28 Betruges,
2535 2694 112 29 begangen
2677 2693 25 22 in
2720 2684 18 48 |
2754 2689 59 37 Köln
2830 2688 143 28 ausreichend
2990 2688 127 36 behandelt:
3134 2686 66 26 „Wir
3217 2686 81 23 denken
3314 2685 50 29 hier
3381 2685 64 36 mehr
3461 2691 31 31 an
3508 2685 28 22 di,

651 2747 74 26 70.00
872 2740 22 42 di
896 2765 10 17 e
935 2755 159 31 Innenpolitik
1125 2752 134 29 Muſſolinis
1277 2748 209 31 polemiſiert
1502 2747 46 24 und
1564 2737 197 35 Reuwahlen
1779 2725 17 51 |
1812 2734 41 23 den
1869 2731 175 28 Wöllersdorfer
2061 2730 99 23 Werken.
2191 2730 42 28 Jm
2250 2728 135 28 Parlament
2402 2728 59 23 wird
2477 2728 72 22 davon
2565 2726 136 29 geſprochen,
2724 2713 16 49 |
2754 2722 38 22 der
2806 2726 138 32 inneren
2958 2719 108 38 Politik!"
3092 2718 50 24 Und
3155 2719 62 22 dann
3232 2718 39 28 hat
3284 2717 60 29 Herr
3359 2716 88 30 Bazille
3461 2717 75 36 ſeinen

656 2781 51 24 "F'
872 2792 131 29 heutzutage
1017 2790 38 28 für
1069 2794 58 23 ganz
1140 2784 178 31 unmöglich
1333 2782 90 24 erflärt!
1453 2780 146 30 Bezeichnend
1613 2783 50 19 war
1678 2777 82 28 ferner,
1813 2767 42 28 daß
1876 2765 35 24 die
1930 2764 128 31 Regierung
2079 2763 35 24 die
2135 2761 232 30 Strafunterſuchung
2388 2760 173 30 niederſchlagen
2581 2760 72 25 wolle,
2674 2760 28 22 da
2723 2744 15 55 |
2754 2750 309 39 national-föderaliſtiſchem
3083 2750 85 29 Herzen
3197 2749 52 28 Luft
3277 2748 115 37 gemacht.
3413 2748 60 41 Das
3502 2749 34 37 gil

705 2811 1 17 |
871 2828 13 21 d
901 2826 13 26 8
933 2797 58 56 aud
1005 2825 39 22 der
1064 2822 66 24 unter
1150 2821 39 22 des
1209 2819 107 28 früheren
1336 2814 222 31 Premierminiſter3
1577 2811 84 29 Boſelli
1680 2810 82 28 Vorſiß
1813 2800 28 28 fie
1858 2798 66 29 durch
1941 2798 34 23 die
1991 2796 176 28 Wöſler8dorfer
2184 2795 122 30 Vorgänge
2320 2795 52 27 aufs
2389 2793 107 29 ſchwerſte
2512 2793 135 28 bloßgeſtellt
2665 2791 35 29 ſei.
2726 2779 15 55 |
2754 2784 134 36 rheiniſchen
2900 2783 170 30 Abgeordneten
3082 2781 84 28 Anlaß,
3178 2788 26 29 in
3216 2782 39 22 der
3267 2781 143 37 „Germania“
3436 2780 100 30 gegenüb

656 2850 12 23 5
880 2833 19 49 “
943 2859 13 22 de
1012 2851 284 30 Senatsausſchuß
1339 2849 34 24 die
1417 2846 238 31 Regierungsvorlage
1699 2843 62 24 einer
1813 2831 159 30 Urſprünglich
1993 2831 91 23 wollten
2105 2830 35 23 die
2160 2828 84 30 Kläger
2272 2828 25 23 in
2319 2829 48 22 dem
2388 2825 314 31 Ehrenbeleidigung3prozeß
2723 2812 17 53 |
2754 2816 86 29 Bazille
2861 2816 41 23 den
2925 2814 181 39 unveränderten
3128 2813 130 37 Primat
3280 2813 54 23 der
3356 2812 143 28 äußeren
3522 2812 14 27 1

662 2876 55 23 EHR
872 2859 96 38 ſtehende
982 2865 40 54 Rü
1102 2889 60 22 ter30g.
1220 2886 34 23 So
1289 2883 122 29 proteſtierte
1430 2883 38 22 der
1503 2881 49 23 Aus
1565 2861 80 55 ſchuß
1665 2882 96 25 gegen
1778 2861 18 55 |
1813 2872 67 23 990"
1902 2866 41 22 den
1964 2863 102 26 „Abend“
2089 2863 64 23 einen
2173 2860 340 30 Vertagungsantrag
2553 2859 80 28 ſtellen,
2662 2859 39 22 der
2723 2843 14 52 |
2752 2850 78 22 erneut
2849 2847 156 29 nachdrülich
3023 2852 27 23 zu
3070 2844 170 39 unterſtreichen
3258 2846 46 22 und
3323 2848 43 20 vor
3379 2845 72 37 allem
3470 2845 39 22 der

657 2913 2 2 9
710 2906 1 3 138)
872 2892 95 40 ſcharfen
1025 2896 24 24 Rüge
1068 2895 30 17 un
1164 2893 20 32 9.
1199 2898 39 44 |
1274 2889 13 24 p
1317 2916 118 28 ewünſchte
1490 2911 272 31 Beſeitigung
1814 2899 53 23 aber
1888 2897 174 30 abgelehnt
2083 2896 32 28 iſt.
2151 2895 52 24 Nun
2225 2895 71 28 haben
2332 2894 38 31 ſie
2394 2892 41 24 mit
2470 2893 37 22 der
2528 2891 108 25 AuSrede,
2668 2890 34 24 die
2753 2880 68 28 auf
2890 2879 170 37 Preußen,
3106 2878 35 23 die
3168 2878 41 36 die
3241 2877 229 37 Deutſchnationalen
3503 2883 31 16 mi

654 2937 57 28 'DY
872 2928 34 23 die
948 2930 44 19 von
1029 2925 43 37 der
1137 2925 109 25 Regierung
1303 2922 110 34 gewünjc)
1520 2947 21 22 die
1598 2943 58 24 Beit
1814 2931 132 30 ſchwebende
1966 2928 231 30 Strafunterſuchung
2217 2927 56 29 nicht
2293 2927 71 28 ſtören
2384 2932 28 23 zu
2430 2925 87 26 wollen,
2536 2924 48 24 die
2602 2923 100 30 Klage
2754 2911 141 29 parteilicher
2913 2911 169 29 Unterſtüßung
3099 2910 86 30 zurzeit
3203 2909 172 36 unternehmen,
3393 2915 37 17 ein
3449 2909 49 28 ſehr
3515 2915 21 16 ei

660 2974 27 13 PB
873 2962 64 22 der
967 2954 294 31 Stichwäahlen,
1303 2951 66 27 ſowie
1411 2955 66 23 gegen
1536 2952 20 17 die
1598 2944 164 29 Beſtimmung,
1815 2970 96 25 gegen
1931 2964 55 23 den
2021 2962 118 24 „Abend“
2160 2959 265 30 bedingungslos
2446 2957 254 31 zurückgezogen.
2753 2944 65 28 Quos
2840 2944 54 28 ego!
2918 2942 220 30 entgegenzuſtellen:
3163 2941 126 29 „Preußen,
3314 2941 78 28 bi8her
3415 2941 56 23 dank
3494 2941 39 22 der

648 3015 17 7 13
705 3010 1 10 49!
872 2994 43 28 daß
944 2993 59 29 jeder
1045 2988 115 26 Kandidat
1202 2986 39 28 auf
1284 2986 38 22 der
1365 2982 133 29 Grundlage
1541 2984 44 19 von
1626 2977 136 38 mindeſtens
2006 2980 12 9 n
2754 2976 116 24 Koalition
2891 2974 62 30 einig
2974 2976 47 22 und
3042 2973 132 30 geſchloſſen,
3203 2973 35 24 die
3260 2972 127 30 eigentliche
3410 2972 126 30 Ordung8z

652 3023 54 33 19:1
872 3022 146 39 vierhundert
1089 3017 111 39 Wählern
1272 3018 82 56 in
1388 3050 16 26 N
1412 3015 86 56 mu
1514 3047 8 22 .
1557 3012 90 60 en
1649 3010 113 57 Pm)
2755 3001 143 39 Kraftquelle
2906 3001 42 65 ver
2959 3005 88 61 Dm
3061 3005 33 59 R
3104 3000 61 64 eite
3182 3004 94 29 Kriſe
3292 3003 196 29 anheimgefallen,
3502 3008 34 19 vo!

648 3059 20 18 iE
715 3080 34 4 M/.12-,
871 3061 82 24 binnen
978 3059 62 24 ſieben
1056 3057 78 28 Tagen
1150 3055 20 23 ei
1188 3052 130 25 notarielles
1337 3052 50 22 Atteſt
1436 3052 145 23 beizubringen
1613 3051 68 31 hatten.
2100 3048 15 10 .
2753 3041 48 22 dem
2817 3045 85 23 ganzen
2939 3038 53 23 Reiche
3038 3037 91 23 ſchwerſtes
3164 3035 62 30 Unheil
3241 3036 74 28 droht.
3345 3035 94 29 Gelingt
3454 3037 24 22 es
3493 3035 43 23 Ma

649 3093 16 30 4
706 3104 3 4 M7
776 3109 3 1 -
871 3096 34 28 nm
925 3060 127 59 eue
1071 3086 181 33 Federzoni
1272 3082 203 38 verteidigte
1495 3079 55 28 dieſe
1570 3073 190 47 Beſtimmungen,
1814 3047 73 61 Die
1902 3046 262 60 Geldgeſchäfte
2173 3049 63 40 des
2246 3040 321 61 deutſchvölkiſchen
2581 3044 119 46 Thurn.
2754 3072 57 29 Herr
2833 3077 27 24 zu
2880 3071 98 25 werden,
2998 3070 61 23 dann
3080 3068 26 29 iſt
3126 3069 38 23 der
3185 3068 110 28 deutſchen
3316 3067 84 29 Politik
3417 3067 37 26 ein
3474 3067 62 28 ſtark

678 3124 3 15 |
872 3128 72 23 indem
959 3132 23 17 er
995 3125 35 23 die
1042 3121 121 30 Maßregel
1176 3121 38 23 als
1226 3111 47 67 glei
1284 3118 21 28 <
1319 3116 87 55 uns
1420 3115 37 56 is
1472 3113 35 61 D
1519 3113 51 28 oa
1594 3112 62 59 Na
1668 3115 44 49 fe
1726 3110 38 53 iM:
2035 3111 48 28 Die
2099 3110 121 33 Freunde
2239 3110 47 27 des
2304 3108 85 33 Iſidor
2407 3107 79 27 Kreil.
2755 3103 76 60 ffn
2843 3102 112 60 ae
2978 3101 73 59 x
3063 3100 89 59 ren
3168 3092 103 48 ſcheitern
3283 3100 72 55 PUG
3365 3091 68 67 woes
3448 3099 34 23 die
3496 3099 38 54 4%

653 3158 53 26 „DD
974 3158 65 23 jeruna
1074 3154 137 24 bezeichnete.
1266 3152 22 22 Als
1309 3151 33 23 ob,
1377 3153 60 19 bemerkt
1494 3150 61 24 hierzu
1598 3148 111 24 Scarfogito
2766 3141 41 17 riſe
2826 3141 23 17 in
2889 3139 83 18 Preußen
2998 3138 29 22 ſich
3044 3138 74 17 wirklich
3171 3138 15 16 zu
3202 3137 63 18 einer
3314 3130 110 28 Staatslriſe
3439 3131 82 22 auswit

655 3186 51 27 1!)
872 3155 136 74 atti,
1038 3163 34 50 die
1093 3150 290 72 poſitionsfondidaen.
1404 3180 33 24 die
1458 3178 81 24 Mittel
1567 3176 100 29 beſäßen,
1696 3175 64 22 einen
1902 3159 208 30 (Telegramm
2134 3157 135 30 unſeres
2292 3154 340 30 Korreſpondenten.)-
2755 3166 74 28 dürfte
2851 3167 48 22 dem
2920 3163 108 29 deutſchen
3049 3163 67 25 Volke
3136 3137 49 62 ſehr
3207 3162 53 24 bald
3275 3162 50 36 mit
3345 3161 141 28 furchtbarer
3507 3161 29 24 D

652 3234 5 19 8
688 3221 13 18 |
871 3224 126 31 Wahlkreis
1018 3220 186 31 einzuſchüchtern
1226 3218 45 23 und
1292 3216 64 23 einen
1377 3212 169 29 Provinznotar
1568 3215 27 24 zu
1617 3208 143 36 verhindern,
2022 3228 4 3 4
2230 3205 61 28 OO
2314 3202 158 29 Augösburg,
2497 3201 31 23 16.
2551 3200 110 29 Februar.
2755 3197 145 30 flargemacdht
2922 3197 94 35 werden,
3039 3194 44 27 daß
3104 3201 50 17 ein
3175 3193 79 25 Volk
3274 3199 31 29 in
3327 3193 116 36 ſolcher
3465 3192 71 29 Lag,

655 3252 55 30 EN
871 3258 146 30 vierhundert
1038 3253 173 29 Unterſchriften
1232 3257 26 22 zu
1278 3246 155 31 beglaubigen!
1469 3244 43 25 Die
1532 3244 102 36 Haltung
1655 3236 38 47 des
1713 3240 48 23 Mi-
1856 3247 46 23 Der
1920 3246 148 30 Augsburger
2114 3244 128 29 Architekt
2261 3243 123 28 Thurn,
2404 3241 89 28 welcher
2512 3241 38 23 der
2569 3238 135 25 Vermittler
2730 3225 18 45 |
2782 3233 125 33 Innenpo
2916 3227 77 24 litif
3028 3225 54 28 auf
3120 3224 282 36 außenpolitiſche
3440 3224 90 36 Notw

656 3309 2 2 1
701 3286 1 16 4
817 3306 2 2 .
872 3293 80 29 niſter3
975 3286 180 34 Federzoni
1178 3286 24 22 in
1225 3283 68 27 dieſer
1315 3281 74 29 Frage
1411 3280 68 22 könne
1501 3275 160 39 keinerlei
1683 3274 79 23 Ber»
1779 3266 17 52 |
1814 3279 102 29 zwiſchen
1938 3280 41 23 den
2001 3277 216 29 deutſchnationalen
2238 3276 165 24 Verleumdern
2426 3275 37 22 des
2486 3272 218 29 Reichspräſidenten
2755 3262 103 35 keiten
2881 3258 171 44 einſtellen
3075 3257 74 47 muß.
3184 3256 62 43 Muß
3266 3257 25 42 es
3312 3256 96 29 wirklich
3430 3256 70 27 dahin
3522 3256 14 41 k

652 3327 41 14 HU
874 3329 117 21 trauen
1042 3322 24 23 in
1118 3319 56 28 ſeine
1226 3315 139 29 Betätigung
1416 3312 35 22 bei
1502 3309 113 29 fünftigen
1640 3341 5 5 |
1667 3307 96 25 Wahlen
1783 3296 15 48 |
1815 3315 45 21 und
1880 3314 48 22 dem
1948 3311 162 29 Zuchthäusler
2131 3310 116 29 Jſidor
2268 3308 93 24 Kreil
2381 3313 50 18 war
2453 3308 45 22 und
2520 3306 38 22 der
2580 3305 34 23 die
2636 3304 68 28 dieſer
2756 3293 43 24 Die
2816 3292 108 36 Antwort
2940 3290 84 47 lautet:
3034 3285 85 48 „Rein!
3165 3287 74 25 Denn:
3255 3286 68 37 „Das
3340 3287 156 43 Zentrum
3512 3286 20 23 fe

652 3358 48 19 17:
871 3358 117 29 einflößen.
1048 3352 133 30 Scarfoglio
1216 3347 142 28 vermißt
1393 3345 64 36 auch
1494 3343 34 24 die
1577 3342 107 33 bündige
1722 3339 42 25 Er«
1784 3331 15 48 |
1814 3345 62 30 Tage
1892 3346 23 22 in
1932 3346 39 23 der
1987 3344 73 28 Preſſe
2074 3342 191 30 veröffentlichten
2282 3340 113 28 Briefe
2412 3346 36 17 an
2464 3339 92 24 Kreil
2571 3337 133 31 geſchrieben
2756 3323 116 56 AEN
2888 3322 46 24 und
2949 3322 33 24 tut
2997 3320 34 30 ſie.“
3075 3320 39 30 Ja,
3130 3320 59 29 Herr
3205 3319 92 29 Bazille,
3313 3319 43 23 das
3369 3318 79 29 hätten
3463 3324 40 19 Sie

653 3391 57 27 By
874 3392 93 27 klärung
991 3390 38 22 des
1052 3383 201 33 Innenminiſters,
1278 3382 27 22 ob
1328 3386 23 17 er
1375 3378 126 27 völlige
1524 3372 239 37 Wahlfreiheit
1780 3368 15 55 |
1814 3378 68 29 hatte,
1900 3378 25 28 iſt
1942 3377 35 24 bei
1996 3377 71 23 einem
2084 3376 51 24 Teil
2153 3377 38 22 der
2210 3374 123 29 Völkiſchen
2351 3374 25 22 in
2394 3373 106 30 Ungnade
2519 3371 114 29 verfallen,
2653 3370 52 23 weil
2727 3351 15 54 |
2755 3355 87 31 909%
3188 3383 28 28 *

653 3422 57 24 DU
872 3425 126 27 verbürgen
1031 3420 79 24 werde.
1145 3416 123 28 Uebrigens
1301 3413 39 28 hat
1374 3410 118 30 angeſichts
1525 3409 38 22 des
1596 3404 167 41 Widerſtandes
1783 3400 16 49 |
1814 3417 24 18 er
1863 3410 32 24 im
1919 3411 92 23 inneren
2035 3409 77 24 Streit
2137 3408 69 28 dieſer
2229 3407 129 29 Bewegung
2383 3406 38 29 ſich
2444 3405 39 28 auf
2507 3404 34 24 die
2564 3404 64 24 Seite
2652 3404 53 23 der
2797 3427 11 12 3
3322 3421 4 6 :

656 3456 68 31 0.18
871 3459 38 22 der
924 3455 129 30 Regierung
1070 3452 35 24 die
1122 3446 228 29 Senatskommiſſion
1365 3451 40 17 um
1420 3444 37 23 de3
1474 3442 72 23 lieben
1562 3440 111 30 Friedens
1689 3438 76 23 willen
1790 3432 19 47 |
1815 3443 123 30 Gegner
1970 3443 52 24 des
2053 3441 174 28 völkiſchen
2259 3440 124 24 Blo>es
2417 3438 122 30 geſchlagen
2570 3437 45 28 hat.
2662 3435 43 24 Die
2790 3461 4 4 ;
2826 3427 69 38 Ueber
2909 3421 46 38 den
2973 3419 235 49 Hermanu-Bund
3240 3417 133 47 verbreitete
3405 3422 39 37 der
3477 3420 58 39 Dem

692 3488 32 30 10
874 3491 34 22 die
921 3488 168 24 liberalen
1132 3480 218 27 Amendement3
1363 3477 78 29 zurü
1450 3476 16 23 F>
1475 3479 143 25 gezogen.
1815 3476 161 29 „Schwäbiſche
1987 3475 172 29 Volk8zeitung“
2171 3472 162 30 veröffentlicht
2345 3472 48 23 eine
2404 3472 126 28 Warnung,
2543 3469 76 28 welche
2631 3469 23 23 in
2667 3470 38 23 der
2757 3455 180 47 Zeitungsdienſt
2972 3453 95 48 kürzlich
3099 3457 48 23 eine
3167 3455 120 30 Nachricht,
3323 3456 36 23 die
3392 3450 45 46 wir
3473 3449 63 37 wied(

679 3516 33 37 4:
913 3528 61 24 Der
992 3517 382 37 Oppoſition3ausſchuß
1390 3516 40 29 hat
1447 3515 47 23 eine
1511 3519 55 18 neue
1580 3511 185 30 Tagesordnung
1783 3504 17 54 |
1814 3509 105 30 Ausgabe
1932 3511 37 22 des
1978 3508 137 28 „Völkiſchen
2124 3507 110 25 Kurxier3“
2249 3511 53 18 vom
2318 3506 30 22 18.
2357 3504 53 29 Juli
2422 3504 51 23 1924
2486 3503 120 28 erſchienen
2620 3502 26 28 iſt
2661 3502 45 22 und
2726 3484 17 53 |
2757 3494 76 29 haben.
2869 3493 82 29 Hierzu
2972 3492 59 23 wird
3066 3491 44 22 uns
3144 3493 52 20 vom
3230 3488 306 37 Ehrenvorſißend(

653 3552 71 33 415
872 3565 170 26 angenommen,
1065 3555 77 28 welche
1165 3554 40 29 auf
1227 3553 35 23 die
1284 3550 137 28 neuerdings
1444 3546 122 30 wachſende
1617 3544 148 29 Scheidung
1777 3530 17 50 |
1815 3542 117 30 folgenden
1945 3542 116 23 Wortlaut
2074 3540 91 29 beſikt?:
2179 3539 51 24 Wir
2243 3544 107 18 warnen
2387 3537 110 29 ſämtliche
2510 3537 92 25 Gönner
2615 3534 91 29 unſeres
2756 3526 128 37 Bundes
2903 3523 119 39 glaubhaft
3042 3522 128 37 verſichert,
3184 3521 44 29 daß
3246 3522 50 36 dem
3317 3521 80 24 Bunde
3417 3521 119 29 irgendwe

656 3594 68 27 DOE
873 3597 52 22 der
961 3592 121 31 großen
1115 3585 167 31 Mehrheit
1316 3585 53 21 der
1400 3579 150 31 politiſch
1583 3577 116 24 denken
1708 3576 57 23 den
1785 3560 15 48 |
1815 3575 129 29 Bewegung
1960 3578 41 20 vor
2019 3573 72 24 einem
2109 3572 101 30 gewiſſen
2227 3571 136 28 Architekten
2380 3570 81 28 Thurn
2479 3568 24 24 in
2520 3568 130 30 Augsburg,
2668 3568 39 21 der
2759 3557 77 29 tiſchen
2849 3558 53 23 oder
2916 3555 117 39 völfiſchen
3043 3554 62 30 Ziele
3117 3554 70 38 völlig
3200 3553 134 38 fernliegen,
3346 3552 45 28 daß
3404 3559 24 17 er
3441 3557 42 36 vor
3496 3552 37 30 zeh

678 3621 47 33 M;
872 3618 458 39 JtalienervomFaſcismus
1344 3616 45 23 und
1403 3615 38 23 der
1454 3595 127 51 Regierung
1596 3595 109 51 hinweiſt,
1727 3595 45 51 und
1784 3595 17 51 |
1815 3607 112 29 angeblich
1949 3606 25 23 in
1995 3605 102 29 unſerem
2119 3604 99 29 Auftrag
2242 3603 118 24 Gelder
2383 3602 53 28 für
2458 3601 48 23 die
2527 3600 180 28 Bewegung
2758 3592 66 22 unter
2841 3590 38 23 der
2896 3588 153 31 Bezeichnung
3065 3586 244 38 „Kriegerheim
3325 3585 136 28 Dahlem“
3491 3589 45 19 von

648 3655 76 31 590.00
872 3661 35 24 die
920 3660 32 23 bei
965 3658 145 25 Erörterung
1123 3655 39 22 der
1175 3651 156 28 Wahlreform
1345 3640 32 49 in
1380 3644 252 28 Kammer
1498 3640 47 49 und
1557 3644 75 28 Senat
1645 3642 66 29 durch
1724 3642 41 23 den
1790 3629 17 51 |
1815 3639 164 37 ſammelte
2000 3639 60 23 und
2081 3636 181 38 womöglich
2283 3635 65 37 noh
2369 3633 152 38 ſammelt.
2556 3633 81 36 Thurn
2657 3636 51 18 war
2759 3621 239 30 unpolitiſchen
3021 3618 301 39 Perſönlichkeiten
3341 3617 55 38 (faſt
3414 3624 52 31 nur
3491 3617 45 37 Da

679 3689 46 27 108
872 3694 76 22 Mund
966 3689 163 25 altbewährter
1147 3684 183 25 Staatsmänner
1349 3680 66 29 ſowie
1435 3679 65 28 durch
1519 3678 34 22 die
1569 3675 124 29 einmütige
1711 3674 55 25 Ent-
1815 3671 107 29 Mitglied
1946 3672 38 22 der
2005 3670 138 29 ehemaligen
2166 3666 271 37 nationalſozialiſtiſchen
2461 3665 178 28 Arbeiterpartei
2662 3664 46 22 und
2759 3656 68 24 Leben
2845 3654 93 30 gerufen
2954 3654 92 23 worden
3064 3653 26 27 iſt
3108 3652 47 23 und
3172 3652 44 28 daß
3230 3657 24 17 er
3271 3651 87 29 zurzeit
3375 3650 102 30 lediglich
3495 3650 34 23 die

646 3735 3 7 'B.
725 3720 19 22 13G
871 3726 115 28 ſcheidung
1007 3723 39 23 des
1066 3716 226 30 Senatsausſchuſſes
1312 3713 114 29 beſtätigte
1446 3707 251 31 Unmöglichkeit
1719 3706 46 29 feſt»
1788 3690 16 49 |
1815 3704 78 23 wurde
1912 3702 60 29 ſchon
1991 3706 41 19 vor
2053 3702 79 29 langer
2151 3700 50 29 Zeit
2221 3704 45 19 von
2286 3700 38 23 der
2344 3698 116 37 völkiſchen
2480 3697 128 30 Bewegung
2628 3697 80 27 ausge-
2759 3686 229 39 fahrt3pflege
3009 3685 125 38 gegenüber
3155 3685 41 23 den
3214 3683 52 30 noch
3288 3683 46 29 jeht
3355 3682 25 24 in
3402 3683 42 22 den
3465 3682 71 29 Lazar

647 3746 81 27 0.0
872 3759 56 28 ſtellt,
973 3757 63 23 einen
1073 3749 203 31 Wahlkampf
1312 3743 282 31 auszuſchreiben,
1631 3741 135 28 ſolange
1783 3723 16 50 |
1816 3735 104 29 ſ<hloſſen.
1949 3735 57 28 Nach
2020 3734 71 29 ſeiner
2105 3733 92 29 Angabe
2210 3733 39 27 hat
2263 3738 25 17 er
2302 3732 50 28 auch
2366 3732 84 22 bereits
2463 3729 148 29 beträchtliche
2625 3728 82 25 Gelder
2758 3720 118 29 findlichen
2892 3719 113 25 Soldaten
3021 3717 92 24 ausübt.
3141 3716 78 38 Anlaß
3234 3722 28 24 zu
3277 3717 50 22 dem
3342 3715 96 29 Gerücht
3454 3714 54 24 über
3523 3715 13 23 d

657 3786 9 19 m
687 3779 42 35 18)
873 3771 62 53 nich
943 3792 7 22 t
976 3789 35 23 die
1035 3785 154 26 unterdrücte
1213 3780 144 32 Freiheit
1389 3779 37 27 für
1450 3776 162 30 Propaganda,
1637 3773 129 29 Verſamm»
1816 3768 37 28 für
1872 3767 40 36 die
1924 3767 129 30 Bewegung
2071 3766 108 28 erhalten,
2200 3764 34 25 die
2253 3770 24 17 er
2295 3764 52 23 aber
2366 3763 40 28 auf
2424 3762 147 29 mehrmalige
2588 3760 120 29 Aufforde-
2730 3743 17 50 |
2759 3753 81 29 nahme
2854 3754 39 22 des
2906 3750 158 30 Protektorats
3078 3749 66 29 durch
3155 3750 50 23 die
3218 3748 136 37 frühere
3368 3747 168 38 Kronprirx

648 3812 64 24 "8,9
872 3826 85 27 lungen
976 3823 47 23 und
1044 3819 74 29 Preſſe
1141 3816 119 25 wieder
1281 3811 191 33 hergeſtellt
1494 3809 47 30 ſind
1583 3807 47 24 Der
1651 3805 115 29 Ausſchuß
1784 3788 17 50 |
1816 3805 60 24 rung
1891 3799 56 28 nicht
1962 3799 129 29 abgeliefert
2108 3798 43 28 hat.
2182 3797 51 23 Wir
2249 3797 89 22 werden
2353 3800 68 25 gegen
2436 3795 40 27 ihn
2490 3794 42 24 mit
2547 3794 58 23 allen
2621 3795 45 21 uns
2681 3798 27 23 zu
2758 3787 39 37 hat
2818 3784 103 29 offenbar
2941 3785 38 22 der
2999 3783 108 31 Umſtand
3127 3781 102 30 gegeben,
3249 3781 44 38 daß
3313 3781 36 23 die
3358 3780 178 38 Kronprinzeſſ

665 3851 53 24 |W.
872 3857 84 24 erflärt
984 3853 95 29 de8halb
1107 3850 133 28 Wahlen
1269 3847 39 30 für
1337 3844 117 28 moraliſch
1481 3844 46 22 und
1546 3840 100 29 politiſch
1674 3845 31 17 un
1716 3844 50 23 zu-
1816 3831 84 24 Gebote
1915 3831 114 37 ſtehenden
2044 3830 96 24 Mitteln
2156 3829 119 29 vorgehen.
2306 3828 47 36 Der
2369 3827 101 29 völkiſche
2484 3826 64 24 Blo>
2563 3824 144 31 Augsburg.*
2726 3818 15 54 |
2759 3824 61 18 einer
2837 3816 180 30 Veranſtaltung
3035 3815 40 25 des
3094 3814 94 25 Bundes
3209 3813 24 24 in
3252 3819 61 18 einer
3333 3813 72 37 Villa
3416 3819 28 23 zu
3464 3812 72 29 Dahle

665 3908 2 2 |
687 3878 21 29 jp
873 3889 104 29 läſſig,
1001 3887 91 29 ſolange
1108 3885 44 23 das
1167 3882 56 25 Volk
1240 3880 66 28 durch
1324 3878 34 24 die
1375 3875 165 32 gegenwärtige
1558 3872 130 31 Regierung
1704 3872 62 28 jener
1858 3864 50 24 Aus
1923 3864 79 28 dieſem
2018 3863 119 29 Vorgehen
2154 3862 56 25 „mit
2226 3861 60 23 allen
2303 3860 107 24 Mitteln“
2427 3859 77 30 ſcheint
2520 3859 53 23 aber
2589 3858 52 29 nach
2657 3858 49 23 dem
2729 3843 18 56 |
2759 3851 77 29 wohnt
2856 3850 46 29 hat.
2936 3847 73 26 Dabei
3030 3848 47 29 ſind
3097 3847 54 24 aber
3171 3841 120 52 Beſchlüſſe
3308 3846 55 23 über
3384 3846 35 23 die
3439 3845 97 24 Uebernc

692 3907 34 27 53
873 3924 71 23 YAM
966 3906 58 39 webe
1036 3918 130 32 Freiheiten
1177 3914 96 25 beraubt
1285 3913 37 28 ſei,
1337 3911 56 29 ohne
1406 3909 76 28 welche
1492 3908 35 23 die
1539 3906 133 27 Wahlen
1683 3908 83 20 unver-
1788 3887 16 50 |
1817 3897 128 29 Grundſaß,
1967 3896 78 31 gleiche
2066 3896 91 24 Brüder
2179 3895 79 30 gleiche
2280 3893 99 29 Kappen,
2415 3893 78 28 nicht
2527 3891 179 29 verfahren
2758 3883 159 28 Protektorat8
2934 3881 127 28 überhaupt
3078 3885 42 24 gar
3139 3879 57 29 nicht
3214 3878 75 32 gefaßt
3306 3879 102 26 worden;
3426 3877 35 25 die
3477 3884 58 24 ganz

709 3960 16 9 |
872 3953 148 30 meidlich
999 3933 38 54 in
1040 3951 88 30 Hohn
1148 3949 61 23 und
1228 3947 126 27 Betrug
1371 3942 168 25 ausarten.
1572 3937 193 29 Seltſamerweiſe
1816 3932 129 23 worden
1960 3936 35 24 zu
2011 3929 74 30 ſein.
2122 3928 66 25 Denn
2204 3928 98 28 Thurn
2319 3926 76 29 ſpielt
2411 3927 61 27 nach
2490 3910 45 54 wie
2551 3928 44 22 vor
2614 3924 31 25 in
2661 3926 45 22 der
2723 3910 14 54 |
2760 3916 98 29 ſtaltung
2877 3915 48 29 galt
2942 3919 45 18 nur
3005 3914 38 23 der
3061 3911 325 30 Unterhaltungund
3406 3910 130 38 Aufhei

688 3975 23 33 4
875 3988 58 25 wird
947 3986 69 30 dieſes
1029 3983 109 30 Manifeſt
1152 3981 66 30 durch
1231 3980 35 24 die
1278 3976 100 32 offiziöſe
1390 3973 235 30 „Stefani“-Agentur
1638 3970 127 25 verbreitet.
1792 3957 13 63 |
1816 3963 143 29 völkiſchen
1975 3963 154 29 Bewegung
2146 3962 58 24 eine
2219 3961 76 26 Rolle
2312 3961 45 22 und
2374 3960 59 29 ſteht,
2451 3960 43 23 wie
2511 3961 44 21 aus
2572 3958 74 28 ſeinen
2664 3957 41 29 erſt
2727 3939 18 55 |
2759 3949 62 23 einer
2834 3948 110 30 größeren
2956 3945 89 31 Anzahl
3056 3949 44 20 von
3112 3943 356 31 krankenehemaligen
3480 3943 56 25 So]

665 4008 4 15 |
691 4007 35 34 IW;
1816 3997 95 31 kürzlich
1931 3997 32 23 im
1996 3996 122 26 „Berliner
2139 3994 133 31 Tageblatt“
2308 3993 190 29 veröffentlichten
2532 3990 87 30 Bericht
2654 3995 52 19 vom
3183 3982 33 36 3X

686 4047 42 21 Wi:
1818 4033 32 23 13.
1865 4031 95 28 Januar
1978 4031 52 23 1925
2043 4029 143 30 hervorgeht,
2201 4035 28 23 zu
2244 4027 70 29 dieſer
2329 4027 49 29 Zeit
2393 4027 53 28 noch
2461 4025 41 24 mit
2517 4026 50 23 dem
2581 4024 125 29 ſtädtiſchen
2798 4025 11 12 *
2822 4025 52 24 Das
2889 4023 74 25 Urteil
2978 4023 33 24 im
3023 4023 171 29 Hamburger
3206 4021 153 34 Kommuni
3433 4022 76 33 rozeß
3524 4025 12 20 1

663 4074 41 34 Pt
1074 4050 126 65 Sflarz
1216 4050 75 51 und
1308 4040 264 68 WBöllersdorf.
1816 4064 230 26 Oberamtmann
2085 4063 50 24 Dr.
2150 4061 104 30 Frank
2268 4060 24 24 in
2308 4060 123 29 Augsburg
2447 4059 25 23 in
2486 4058 156 29 Verbindung,
2657 4057 49 24 dem
2724 4039 15 73 |
2756 4056 51 52 uns
2809 4054 72 53 unſer
2894 4052 231 53 9H-Korreſpondent
3138 4051 102 27 mitteilt,
3253 4057 39 18 am
3305 4050 126 28 Mittwoch,
3443 4051 93 30 mittag:

724 4126 2 6 |
1817 4096 331 32 Spißenkandidaten
2193 4096 53 23 der
2292 4092 254 29 Großdeutſchen
2591 4086 115 38 Volks-
2773 4089 94 19 erfündet
2892 4087 97 19 werden.

654 4160 49 14 5
1028 4127 65 28 Eine
1110 4123 212 37 zurügezogene
1340 4111 272 61 Beleidigungsklage.
1674 4160 2 2 %
1818 4130 231 32 gemeinſ<hoft.
2083 4129 36 25 Dr
2140 4129 75 30 Frank
2232 4128 54 23 aber
2307 4126 87 31 genießt
2415 4126 52 29 nach
2486 4125 72 25 einem
2578 4120 128 38 Ausſpruch
3056 4149 35 6 7
3191 4113 28 28 X

654 4177 12 31 4
686 4175 20 34 m
963 4176 212 30 (Telegramm
1195 4169 136 30 unſeres
1350 4161 326 31 Korreſpondenten.)
1818 4165 129 30 Hitlers
1963 4150 44 53 das
2022 4150 124 53 Vertrauen
2158 4150 127 53 desſelben.
2798 4152 11 11 *
2823 4151 92 25 Vom
2885 4143 28 56 2.
2929 4149 36 24 bis
2979 4147 19 26 5.
3018 4143 34 56 Mai
3055 4147 98 31 findet,
3172 4149 39 24 wie
3224 4143 66 56 unſer
3334 4148 192 35 )C-Korreſpondent

688 4207 49 34 W|
1422 4214 28 18 e
1468 4206 88 27 Wien,
1577 4205 32 22 16.
1628 4203 112 30 Februar.
2755 4172 134 76 ded
2907 4172 139 76 Gotelwedarf
3059 4172 45 76 ſtab
3135 4178 49 54 Zur
3190 4179 94 57 ſelben
3287 4172 45 76 Zeit
3337 4176 199 60 veranſtalten
3506 4172 29 76 de

658 4261 2 3 4
701 4240 26 31 M.
1136 4252 4 4 ;
1470 4241 299 23 idigung3prozeß,
1858 4234 12 13 *
1908 4240 14 17 In
1955 4232 39 25 der
2025 4232 83 24 bereits
2155 4230 121 25 gemeldeten
2309 4229 111 23 Konferenz
2466 4229 55 24 aller
2553 4226 152 26 bulgariſchen
2823 4220 53 31 Pag

681 4282 24 6 5
724 4293 4 8 ;
912 4253 76 53 Heute
1005 4249 80 56 „ſollte
1120 4252 48 37 Ber
1205 4251 38 22 vy
1278 4243 104 62 54-45
1390 4238 50 65 40h
1463 4242 74 56 Bibi
1545 4242 61 59 pat;
1609 4277 14 17 a
1632 4243 18 50 M
1651 4275 25 24 R:
1689 4237 82 61 1340
1815 4230 195 67 Ernetelfimein
2028 4261 25 24 in
2070 4260 147 26 Deutſchland
2235 4259 79 23 wurde
2331 4230 90 57 Skit
2430 4263 33 20 en,
2481 4257 47 24 eine
2547 4221 157 69 Fulgartihen
2755 4235 101 54 verband
2873 4231 55 67 Den
2952 4243 54 28 eie
3028 4237 78 57 DS
3172 4237 33 24 im
3231 4236 179 24 Reichsverband
3430 4236 106 29 deutſcher

662 4307 3 3 1
725 4312 2 6 |
874 4294 42 22 den
928 4292 35 22 die
975 4288 72 24 Leiter
1059 4287 40 22 der
1111 4282 177 26 Wöllerßdorfer
1300 4279 95 35 Werke,
1411 4281 20 18 die
1440 4271 36 40 He
1540 4305 4 5 ?
1819 4293 112 28 deutſche
1949 4291 235 29 Handelskammer
2204 4289 31 24 in
2254 4287 98 26 Berlin
2383 4294 15 17 zu
2432 4287 93 24 gründen,
2558 4286 35 29 Zu
2626 4256 79 57 MEER
2756 4267 170 34 mittelhändler
2942 4266 66 27 ſowie
3024 4267 45 34 der
3101 4266 215 30 Provinzialverband
3332 4267 39 23 des
3388 4265 112 31 deutſchen
3517 4266 19 25 E

694 4325 32 11 5
874 4325 47 23 und
942 4320 115 29 Neuhöfer
1079 4322 69 25 gegen
1170 4316 41 23 das
1233 4313 91 23 Wiener
1354 4303 172 55 ſozialdemokra
1525 4300 68 57 tiſche
1620 4302 78 56 Es
1710 4297 64 60 „PRE
1839 4327 21 18 wede
1922 4322 79 22 wurde
2022 4320 36 23 ein
2078 4318 113 29 Aukſchuß
2213 4317 101 30 gebildet,
2334 4289 55 62 dein
2404 4290 42 61 ver
2468 4313 106 26 Berliner
2597 4314 108 25 General-
2756 4297 124 24 verbandes
2896 4296 50 29 ihre
2962 4295 257 31 Provinzialtagungen,

654 4367 42 17 7B:
875 4355 90 25 Abend“
981 4353 97 29 erhoben
1093 4350 80 29 haben,
1187 4341 135 52 ſtattfinden.
1353 4342 61 26 „Der
1429 4340 77 24 Abend“
1535 4338 61 28 hatte
1606 4334 54 61 DE
1699 4339 73 18 ee
1819 4322 19 52 p
1871 4352 25 22 ul
1917 4349 132 30 Geheimrat
2070 4348 113 28 Profeſſor
2204 4347 43 23 Dr.
2269 4345 89 24 Karo,
2381 4346 37 22 der
2440 4344 135 28 Mündener
2594 4338 111 37 Genera!l-
3190 4337 25 27 X

650 4397 61 20 48/1
875 4392 38 21 ten
932 4384 166 32 vorgeworfen,
1118 4381 45 29 daß
1183 4381 28 28 ſie
1232 4380 34 22 die
1286 4372 266 42 Wöllers8dorfer
1573 4369 106 24 Werke
1697 4369 76 22 auß»
1820 4351 75 57 nul
1910 4379 42 25 Dr.
1970 4377 153 35 Scharrer
2139 4378 45 22 und
2200 4377 38 23 der
2254 4374 86 25 Kölner
2356 4372 173 28 Generalkonſul
2545 4373 42 24 Dr.
2605 4371 100 26 Stri>
2796 4372 11 12 *
2829 4371 43 24 Die
2894 4369 145 32 Ort8gruppe
3061 4370 124 30 Adlershof
3208 4370 38 25 der
3269 4371 141 28 Deutſchen
3432 4371 104 25 demokr

647 4419 65 27 14,8
876 4417 200 34 geplündert
1094 4416 47 24 und
1159 4415 48 23 dem
1227 4411 70 25 Staat
1316 4415 63 18 einen
1398 4406 101 29 Schaden
1517 4408 45 19 von
1579 4401 132 30 Hunderten
1728 4403 45 19 von
1787 4389 18 54 |
1820 4409 133 30 angehören.
1985 4406 76 27 Dieſer
2077 4405 112 29 Ausſchuß
2207 4405 39 33 ſoll
2263 4404 35 24 die
2315 4403 111 34 techniſche
2442 4403 63 23 Seite
2521 4403 38 23 der
2576 4401 129 28 Gründung
2729 4389 18 54 |
2756 4400 94 32 Partei
2871 4400 48 28 hält
2940 4406 93 25 morgen
3054 4400 33 24 im
3107 4399 124 25 Ratskeller
3253 4399 131 27 Adlershof,
3405 4399 131 30 Bismarc>f!

648 4449 17 32 K
877 4434 137 49 Milliarden
1032 4434 127 49 verurſacht
1179 4445 83 30 hätten.
1297 4441 61 27 „Der
1376 4439 90 25 Abend"
1485 4438 63 29 hatte
1566 4436 39 28 für
1626 4427 42 49 den
1687 4427 87 49 Prozeß
1788 4427 16 49 |
1820 4436 134 36 bearbeiten.
1982 4436 32 25 Es
2029 4436 71 33 haben
2115 4435 38 28 fich
2168 4434 83 25 bereits
2266 4431 120 31 zahlreiche
2400 4429 95 31 deutſche
2510 4431 45 23 und
2570 4430 135 29 bulgariſche
2726 4420 15 46 |
2755 4435 47 27 eine
2821 4428 175 31 Verſammlung
3014 4428 36 27 ab,
3068 4429 39 27 auf
3126 4429 39 24 der
3184 4428 56 30 Abg.
3260 4428 128 28 Nuſ<ke
3407 4430 56 24 über
3480 4429 56 31 „Rec

672 4486 23 8 'M
724 4499 4 11 |
876 4486 65 28 einer
955 4481 179 33 umfangreichen
1149 4474 216 34 Wahrheit3beweis
1378 4472 123 31 angeboten
1515 4469 47 25 und
1575 4467 84 25 erklärt
1673 4472 25 18 in
1712 4464 60 29 jeder
1793 4458 16 49 |
1820 4466 94 31 Firmen
1929 4472 40 24 zur
1985 4463 144 31 Beteiligung
2144 4469 29 18 an
2189 4464 38 23 der
2242 4462 197 30 Handelskammer
2454 4456 112 41 gemeldet.
2756 4460 121 29 bildungen
2893 4459 45 23 und
2954 4457 202 32 Finanzſkandale"
3173 4457 98 30 ſprechen
3287 4457 65 25 wird.

643 4592 28 50 in
1696 4610 4 2 -
