3502 5000
128 253 6 8 "
243 257 2 2 4
264 255 41 2 IAET
320 250 85 10 DELE
581 247 18 9 -

799 506 147 32 Wenungen,
966 506 36 26 die
1021 505 109 32 übrigens
1150 504 88 31 manche
1256 505 126 26 Einwände
1403 505 128 29 vertragen,
1549 503 134 25 bemerkens-

801 542 66 27 wert;
885 542 26 35 es
928 540 59 30 zeigt
1005 539 133 29 namentlich
1157 538 73 30 ſeinen
1249 537 113 29 Verfaſſer
1381 537 37 25 als
1436 536 65 26 einen
1520 535 164 32 ungewöhnlich

800 573 144 31 vielſeitigen,
964 572 170 30 unterrichteten
1152 570 82 28 Autox,
1259 573 49 22 dem
1328 571 33 27 die
1379 570 147 30 Pſychologie,
1552 568 131 30 Pſychiatrie

798 607 48 23 und
864 606 142 38 Phyſiologie
1022 605 76 29 ebenſo
1117 604 99 30 geläufig
1233 604 27 29 iſt
1276 603 44 24 wie
1337 602 168 31 Klimatologie,
1523 601 160 30 Meteorologie

800 640 47 23 und
861 639 140 31 Soziologie.
1015 638 40 38 In
1065 638 38 25 der
1118 635 157 31 umfaſſenden,
1289 640 44 23 von
1348 635 49 31 ihm
1410 636 145 26 verwerteten
1569 634 115 26 Literatur

801 672 93 29 nehmen
913 671 57 29 ſeine
988 671 106 24 Arbeiten
1110 670 76 25 keinen
1217 669 109 31 geringen
1343 668 77 26 Raum
1437 668 43 25 ein.
1511 668 32 25 Er
1559 667 40 30 hat
1629 667 55 26 über

800 704 207 30 Berufspſychoſen,
1027 703 155 38 Alpinismus,
1202 701 168 32 phyſiologiſc<e
1390 700 74 30 Optik,
1484 702 53 27 über
1558 700 126 29 Nervoſität

800 739 47 23 und
861 737 92 27 Kultur,
969 737 55 24 über
1040 736 105 30 Hyſterie,
1160 734 102 31 Hypnoſe
1278 734 46 25 und
1339 734 136 29 Suggeſtion
1490 733 132 32 geſchrieben
1638 734 45 23 und

800 770 110 30 mehrfach
942 770 62 29 (auc
1035 770 23 23 in
1077 770 38 26 der
1134 768 106 25 Berliner
1258 766 189 30 Pſychologiſchen
1466 766 144 29 Geſellſchaft)
1642 766 42 24 das

800 803 67 24 Wort
879 803 116 30 ergriffen.
1023 801 76 29 Außer
1113 801 73 29 ſeinen
1201 800 23 24 in
1239 801 41 23 den
1294 799 180 30 verſchiedenſten
1486 798 198 31 Fcchzeitſchriften

800 836 133 30 zerſtreuten
951 835 101 24 Artifeln
1069 834 48 28 ſind
1134 835 37 22 als
1188 833 184 29 Monographien
1391 837 43 21 von
1451 832 46 28 ihm
1516 831 166 29 veröffentlicht:

801 865 57 39 „Die
880 863 242 47 Grenzwiſſenſchaften
1158 867 38 23 der
1217 865 153 31 Pſychologie“
1407 864 96 30 (Leipzig
1526 865 67 27 1902),
1628 863 56 27 „Die

801 897 140 47 Pſychologie
953 903 40 23 der
1008 900 110 30 Hyſterie“
1134 899 97 31 (Leipzig
1248 899 69 27 1904),
1332 898 148 28 „Techniſcher
1494 897 130 29 Fortſchritt
1639 898 45 22 und

800 934 95 29 ſeeliſche
930 933 148 29 Geſundheit“
1115 932 74 30 (Halle
1226 932 69 25 1907),
1332 930 164 28 „Nervenleben
1534 929 46 23 und
1616 928 67 25 Welt-

800 967 162 30 anſchauung“,
980 966 56 28 „Die
1053 965 104 32 geiſtigen
1173 964 152 30 Epidemien“,
1343 963 64 27 „Da3
1424 962 162 29 Pathologiſche
1605 962 23 23 in
1646 963 38 23 der

801 1001 123 24 modernen
939 999 92 29 Kunſt“.

843 1033 108 29 SHellpach,
968 1032 38 25 der
1025 1032 53 23 1877
1095 1032 24 23 in
1136 1030 58 25 Oel8
1210 1030 24 24 in
1251 1029 111 29 Schleſien
1380 1030 93 29 geboren
1491 1028 32 29 iſt,
1541 1028 102 28 ſtudierte
1659 1028 24 23 in

801 1065 143 29 Greifswald
963 1066 46 22 und
1028 1064 88 30 Leipzig
1134 1063 109 29 Medizin,
1262 1062 69 29 ſchloß
1351 1062 37 28 fich
1406 1068 30 17 an
1455 1061 91 25 Wundt,
1564 1061 72 28 ſpäter
1655 1066 28 17 an

794 1095 41 46 die
842 1098 140 29 Neurologen
996 1097 113 29 Kraepelin
1125 1097 24 23 in
1165 1096 128 31 Heidelberg
1306 1097 46 22 und
1367 1095 132 29 Oppenheim
1515 1094 24 23 in
1554 1094 78 25 Berlin
1648 1100 34 19 an,

799 1132 42 27 ließ
857 1131 37 29 fich
912 1132 51 24 1903
978 1132 36 22 als
1029 1130 132 28 Nervenarzt
1177 1129 23 23 in
1215 1128 126 31 Heidelberg
1358 1129 69 23 nieder
1444 1129 43 22 und
1502 1126 129 28 habilitierte
1646 1126 37 28 ſich

803 1165 54 22 1906
877 1170 30 19 an
926 1164 39 24 der
984 1162 138 30 Techniſchen
1142 1160 124 30 Hochſchule
1287 1161 24 24 in
1332 1159 128 30 Karlsruhe
1478 1159 38 29 für
1536 1157 147 30 Pſychologie;

782 1225 2 3 -
804 1197 51 25 1911
873 1197 78 24 wurde
968 1202 23 19 er
1009 1195 49 30 hier
1074 1193 217 30 außerordentlicher
1308 1192 121 29 Profeſſor.

801 1248 207 46 Bayeriſche
1020 1246 223 42 Volkspartei
1260 1246 74 37 und
1351 1243 322 47 Präſidentenwahl

849 1303 102 38 Geſtern
968 1301 81 33 haben
1064 1302 41 25 der
1121 1300 127 27 Vertreter
1264 1300 42 25 der
1321 1297 230 32 Bayeriſchen
1568 1296 117 27 Volks5-

801 1336 123 37 partei
944 1342 36 19 im
1000 1334 171 33 ſogenannten
1190 1330 244 32 Loebeli-Ausſchuß,
1454 1331 41 25 der
1515 1329 171 34 Abgeordnete

802 1369 109 27 Seit
936 1368 52 26 und
1007 1367 41 26 der
1066 1366 127 27 Bertreter
1218 1366 40 25 der
1270 1363 234 33 Bayeriſchen
1522 1363 163 27 Bauern-

803 1401 169 28 bündler,
1000 1399 185 27 Abgeordneter
1234 1397 74 32 Fehr,
1334 1396 119 33 vorzeitig
1482 1396 46 25 den
1555 1395 131 31 Verhand

803 1435 157 26 lung3raum
975 1432 128 28 verlaſſen,
1118 1431 28 26 in
1160 1432 111 25 welchem
1287 1429 38 27 die
1339 1428 120 32 Parteien
1475 1429 60 26 über
1551 1428 38 27 die
1603 1427 83 32 Präſi-

804 1464 160 33 dentenwahl
991 1464 114 26 berieten.
1141 1463 186 31 Abgeordneter
1346 1461 85 28 Leicht,
1458 1462 42 25 der
1522 1460 164 26 unmittelbar

803 1504 48 22 vor
881 1499 42 26 der
934 1497 112 39 Abreiſe
1076 1496 60 32 nach
1158 1495 125 32 München
1316 1495 78 31 ſtand,
1424 1499 39 20 wo
1494 1493 64 33 ſeine
1588 1493 98 31 Parteti-

804 1532 106 65 Kame
932 1530 54 32 ihre
1010 1528 214 34 Stellungnahme
1247 1527 113 33 feſtlegen
1384 1526 99 29 wollen,
1507 1526 66 31 hatte
1597 1526 89 31 vorher

805 1564 68 32 offen
892 1563 99 29 erflärt,
1010 1562 49 30 daß
1079 1561 39 27 die
1137 1560 84 27 Taktik
1239 1561 42 25 der
1302 1559 133 31 Deutſchen
1457 1558 158 32 Volkspartei
1635 1559 52 24 und

804 1598 44 26 der
860 1594 256 33 Deutſchnationalen
1130 1593 43 32 ihn
1189 1593 99 32 zwinge,
1327 1599 41 19 von
1407 1599 36 19 den
1481 1591 205 31 getroffenen

805 1627 268 33 Abmachungen
1110 1626 296 32 zurüdzutreten.
1458 1598 35 53 Gr
1531 1624 69 31 hatte
1636 1623 50 26 ein-

804 1661 109 34 geſehen,
932 1660 50 32 daß
1001 1661 39 26 die
1058 1659 87 27 beiden
1164 1657 201 32 Recht3parteien
1385 1657 43 31 ihn
1449 1658 51 25 und
1519 1656 63 31 ſeine
1600 1656 87 32 Partei

806 1701 51 32 nur
879 1694 41 26 als
943 1692 197 35 Vorſpann
1157 1691 124 32 benuhten
1304 1690 110 28 wollten,
1436 1690 52 25 und
1510 1697 26 18 er
1558 1689 81 32 dürfte
1662 1689 26 26 in

806 1726 89 33 dieſem
910 1725 85 28 Sinne
1011 1725 27 26 in
1052 1724 125 31 München
1192 1723 60 32 au
1268 1722 113 33 berichtet
1397 1722 88 31 haben.
1500 1722 64 27 Sein
1580 1722 108 32 Referat,

806 1760 26 38 ſo
856 1760 47 25 darf
928 1765 70 32 man
1021 1757 84 27 weiter
1129 1756 151 32 annehmen,
1304 1754 64 27 wird
1393 1755 78 26 neben
1495 1756 109 25 anderen
1628 1756 60 29 auch

804 1792 42 28 die
856 1792 115 32 Poſition
982 1792 42 35 der
1036 1789 162 32 Bayeriſchen
1212 1789 160 31 Volkspartei
1385 1789 138 32 gegenüber
1536 1790 55 25 dem
1603 1788 20 33 Z
1633 1795 37 19 en
1680 1800 8 9 -

806 1826 93 36 trum
916 1823 118 33 erheblich
1051 1823 149 26 erleichtern.
1223 1822 35 26 E38
1275 1821 28 31 iſt
1320 1819 51 28 fein
1457 1821 87 29 imnis,
1562 1821 49 32 daß
1629 1827 59 19 man

806 1864 28 20 in
852 1856 126 32 München
997 1861 66 27 zwar
1082 1855 153 31 entſchloſſen
1254 1854 36 30 iſt,
1307 1855 55 25 dem
1381 1853 229 27 Kandidaten
1630 1855 60 24 des

806 1890 195 32 Zentrums
1017 1890 45 25 den
1079 1887 122 32 Vorrang
1215 1892 45 21 vor
1276 1888 46 24 den
1339 1886 109 26 anderen
1464 1886 158 26 Kandidaten
1638 1886 50 27 ein-

807 1924 147 58 anwen
971 1921 60 27 aber
1050 1928 58 19 man
1128 1920 68 32 hätte
1212 1922 27 25 es
1257 1919 67 32 wohl
1340 1926 60 25 gern
1418 1919 109 31 geſchen,
1543 1925 73 20 wenn
1637 1925 51 25 zum

833 1955 82 38 eiſpiel
940 1953 54 28 eine
1016 1953 162 38 Kandidatur
1203 1951 229 37 Stegerwald
1457 1949 78 31 dieſen
1560 1950 142 31 Entſchluß.

806 1988 156 31 erleichterte.
984 1987 60 26 Nun
1059 1987 28 31 iſt
1102 1987 39 24 die
1154 1985 179 36 Entſcheidung
1349 1986 44 24 des
1407 1983 138 33 Zentrums
1562 1983 127 32 ſchließlich

807 2021 58 32 doch
884 2020 134 34 zugunſten
1038 2023 50 33 von
1107 2017 100 33 Mar
1193 2012 15 48 x
1227 2017 114 37 gefallen.
1368 2017 84 31 Gegen
1472 2016 44 28 ihn
1535 2016 108 31 beſtehen
1664 2016 25 25 in

808 2053 103 32 Bayern
929 2052 95 33 gewiſſe
1041 2050 178 37 Widerſtände,
1238 2052 39 24 die
1294 2049 60 29 auch
1372 2048 102 31 deutlich
1493 2056 53 24 zum
1565 2048 126 27 Ausdru>k

808 2085 142 33 gekommen
971 2084 59 31 ſind.
1057 2083 171 30 Anderoerſeit3
1249 2088 55 20 war
1324 2082 59 26 aber
1403 2081 48 30 jekt
1470 2081 38 27 die
1527 2081 163 31 Behand-

808 2118 153 30 lung,die
975 2117 38 27 die
1025 2115 201 32 Reht8parteion
1238 2115 119 33 glaubten
1373 2116 42 24 der
1428 2113 162 32 Bayeriſchen
1604 2113 85 27 Volfs-

808 2152 82 30 partei
905 2150 151 32 angedeihen
1070 2156 29 25 zu
1110 2149 84 30 laſſen,
1207 2149 24 28 ſo
1244 2146 127 32 eindeutig
1408 2145 221 32 beleidigend,
1642 2145 49 30 daß

808 2187 29 23 e3
850 2184 40 27 ein
898 2178 149 47 Höchſtmaß
1059 2187 49 20 von
1123 2175 189 47 Solbſtloſigkeit
1325 2180 117 25 bedeuten
1458 2180 93 27 würde,
1564 2184 72 20 wenn
1653 2179 37 25 die

810 2216 143 32 Bayeriſche
973 2214 159 32 Volk8partei
1152 2214 159 31 troßdem
1331 2211 39 27 die
1387 2211 93 31 Parole
1499 2211 41 27 für
1589 2212 101 24 Jarre3

811 2249 127 35 ausgeben
957 2248 93 26 würde.
1078 2247 66 25 Man
1165 2246 57 29 darf
1243 2245 105 31 deshalb
1368 2244 119 32 geſpannt
1507 2243 58 33 ſein,
1585 2243 48 27 wie
1653 2244 37 26 die

811 2281 178 36 Entſcheidung
1002 2280 27 26 in
1041 2279 124 32 München
1180 2279 62 32 fällt.

850 2376 16 35 “
903 2361 79 42 Der
1001 2359 321 45 Aufwertungsfatz
1339 2359 68 43 1,5
1426 2355 174 47 Prozent?

969 2452 2 2 ;
1077 2421 60 27 Aus
1154 2422 57 33 dem
1228 2417 203 35 Geſetzentwurf.

853 2472 48 25 Wie
910 2471 23 25 in
941 2468 211 31 Reichötagsfreiſen
1165 2467 117 30 verlautet,
1295 2466 39 27 ſol!
1348 2465 37 27 ſich
1393 2465 44 30 der
1479 2464 212 32 Aufwertung?-

812 2504 140 29 entwurf
976 2499 323 31 Luther--Scltieben
1324 2497 39 27 auf
1387 2498 40 22 den
1452 2493 143 31 allgemeinen
1617 2493 75 27 Auf-

810 2535 228 30 wertungs8ſaß
1056 2538 57 18 von
1134 2534 45 21 1,5
1198 2531 139 27 Prozent
1356 2529 107 29 feſtlegen.
1498 2527 45 24 Der
1562 2528 77 27 früher
1658 2533 34 22 ge-

813 2571 82 22 nannte
912 2569 50 28 Saz
979 2572 43 18 von
1039 2568 13 21 5
1070 2565 95 29 Prozent
1183 2564 59 23 wird
1258 2564 37 21 als
1312 2562 95 29 Jrrtum
1425 2560 123 29 bezeichnet.
1580 2559 57 26 Auch
1654 2559 38 27 foll

812 2601 111 31 angeblich
939 2600 34 24 die
988 2599 126 28 Aufnahme
1129 2599 38 21 des
1182 2595 175 30 Zinſendien,tes
1374 2594 41 22 erſt
1432 2593 64 25 dur<
1512 2592 35 23 ein
1564 2592 128 23 beſonderes

813 2634 69 29 Geſetz
905 2633 95 30 geregelt
1024 2632 93 22 werden,
1142 2630 49 22 was
1215 2627 110 27 natürlich
1349 2627 40 22 den
1413 2624 218 29 Aufwertung3plan
1655 2625 37 21 der

812 2666 197 29 Reich3regierung
1023 2662 120 29 weſentlich
1157 2662 121 25 entwerten
1293 2659 45 24 und
1352 2664 28 23 zu
1395 2658 60 23 einer
1470 2656 146 30 platoniſchen
1632 2656 60 28 Geſte

813 2698 86 29 machen
915 2699 83 22 würde.

854 2730 50 25 Wie
921 2730 44 24 wir
984 2729 77 23 weiter
1080 2728 76 26 hören,
1174 2726 79 27 beſteht
1274 2724 177 26 innerhalb
1469 2723 126 28 einiger
1614 2721 78 23 Bar-

813 2764 86 24 teien
915 2763 35 24 die
965 2762 102 29 Neigung
1084 2767 25 23 zu
1127 2759 230 30 Jnitiativanträgen,
1375 2756 33 24 die
1426 2755 119 28 innerhalb
1561 2756 38 22 der
1616 2754 76 23 Volks

815 2797 71 28 partei
905 2796 45 23 und
967 2796 49 23 dem
1032 2793 110 29 Zentrum
1159 2792 83 24 bereits
1260 2789 167 30 einigermaßen
1445 2789 49 25 feſte
1512 2787 97 29 Formen
1625 2792 67 23 'angs&

814 2835 103 18 nommen
937 2828 77 29 haben.
1048 2826 42 24 Die
1109 2825 141 28 Volkspartei
1269 2822 144 29 beabſichtigt,
1433 2824 39 21 den
1492 2819 202 29 Auſwertungsſag

815 2861 116 31 allgemein
948 2851 39 45 auf
1005 2851 37 45 2,5
1053 2859 95 28 Prozent
1166 2857 136 29 feſtzulegen,
1320 2855 107 29 während
1444 2856 41 21 das
1502 2853 110 29 Zentrum
1629 2853 65 22 unter

815 2895 93 29 Leitung
926 2895 38 23 des
982 2892 167 30 Abgeordneten
1168 2891 98 27 Schetter
1287 2891 40 22 den
1346 2888 51 29 Saß
1414 2888 39 27 auf
1471 2888 41 24 2,5,
1529 2887 20 24 8,
1567 2887 34 23 3,5
1619 2886 45 22 und
1681 2888 12 19 4

816 2928 96 29 Prozent
933 2927 65 23 unter
1019 2924 123 30 Scheidung
1163 2924 23 22 in
1207 2924 60 22 alten
1289 2922 45 23 und
1357 2926 68 17 neuen
1447 2919 64 29 Boſt
1532 2919 87 27 ſtaffeln
1640 2917 52 24 will.

817 2960 58 29 (Wir
889 2959 66 30 geben
969 2958 54 29 dieſe
1035 2957 111 29 Meldung
1160 2963 44 16 nur
1218 2957 66 23 unter
1297 2954 124 28 Vorbehalt
1435 2953 88 23 wieder.
1537 2952 27 24 D.
1578 2950 64 28 Red.)

813 3030 27 106 -
872 3030 770 106 Weltanſchauungs-Profeſſur.

1231 3144 44 20 Von
1453 3139 108 24 [NaHdruk
1572 3137 104 23 verboten.]

643 3198 34 24 "4
1127 3175 110 29 Ludwig
1253 3176 142 23 Marouse.

648 3221 30 40 M
858 3228 46 25 Der
918 3228 59 28 Plan
991 3226 61 24 einer
1065 3221 333 30 Weltanſchauungsprofeſſur,
1413 3220 37 22 der
1466 3216 92 30 kürzlich
1570 3215 131 27 auftauchte,

676 3272 2 24 |
817 3261 25 27 iſt
863 3261 57 28 nicht
942 3261 22 27 ſo
986 3258 116 30 lächerlich,
1124 3257 42 23 wie
1187 3256 33 23 die
1242 3253 128 29 ſpöttiſchen
1394 3250 118 28 Skeptiker,
1534 3250 44 22 und
1600 3248 56 28 nicht
1678 3247 22 29 ſo

645 3300 20 25 hs
676 3298 3 27 |
817 3292 212 32 jelbſtverſtändlich,
1052 3291 41 23 wie
1117 3289 56 23 feine
1197 3286 153 29 Enthuſiaſten
1374 3285 94 23 meinen.

640 3330 39 27 M|
860 3326 56 25 Wa3
939 3326 65 29 ſagen
1027 3324 34 23 die
1082 3321 128 29 Skeptiker?
1253 3320 56 24 Eine
1332 3317 207 27 Weltanſchauung,
1560 3315 34 23 die
1617 3313 84 29 gelehrt

645 3364 34 31 7
816 3360 89 24 werden
928 3358 46 29 ſoll,
996 3356 53 28 muß
1068 3355 42 29 erſt
1131 3354 84 23 einmal
1237 3352 122 28 exiſtieren.
1395 3350 31 24 Es
1448 3348 113 28 eriſtieren
1582 3347 53 22 aber
1657 3352 44 16 nur

677 3398 4 10 j
817 3392 97 30 logiſche,
930 3388 172 31 pſychologiſche,
1118 3384 232 31 phänomenologiſche
1368 3381 199 28 Unterſuchungen,
1585 3379 117 29 Theorien,

817 3424 177 30 Syſtemſkizzen.
1028 3421 52 25 Soll
1100 3426 53 17 man
1173 3420 57 22 etwa
1250 3419 43 21 aus
1313 3415 96 29 Mangel
1428 3420 30 17 an
1477 3414 61 22 einer
1558 3411 143 29 Vhiloſophie

817 3459 39 23 der
874 3456 136 30 Gegenwart
1028 3453 122 30 hiſtoriſche
1168 3451 100 27 Syſteme
1288 3450 76 27 lehren
1384 3448 46 22 und
1449 3447 76 23 weiter
1544 3444 157 26 Renaiſſancen

817 3490 102 31 züchten?
962 3488 61 24 Oder
1047 3486 39 29 ſoll
1108 3491 54 17 man
1185 3483 66 29 durch
1273 3481 162 30 Lehraufträge
1459 3478 100 28 künſtlich
1583 3477 118 28 Original-

818 3522 221 29 weltanſchauungen
1051 3516 174 31 herausreizen?
1251 3515 49 23 Und
1313 3527 25 4 --
1352 3513 80 28 fahren
1445 3511 35 23 die
1492 3510 113 29 Skeptiker
1618 3509 47 26 fort
1677 3521 25 4 =

818 3555 118 30 abgeſchen
960 3554 81 24 davon,
1064 3551 42 27 daß
1129 3550 45 23 wir
1197 3550 72 22 weder
1293 3546 152 28 Philoſophen
1471 3544 50 26 noch
1544 3541 159 29 Philoſophien

819 3588 34 24 bei
869 3588 38 24 der
924 3587 118 30 Inventur
1059 3583 92 25 unſeres
1168 3581 103 30 geiſtigen
1289 3579 85 24 Lebens
1391 3577 75 29 finden
1485 3577 91 23 können:
1594 3575 38 22 der
1650 3573 53 28 Phi-

819 3621 78 29 loſoph
913 3620 26 27 iſt
953 3619 64 29 heute
1033 3617 56 26 nicht
1103 3615 85 24 einmal
1204 3613 62 27 mehr
1282 3610 103 30 möglich;
1401 3611 46 22 und
1464 3609 52 23 weil
1531 3614 23 17 er
1570 3606 57 29 nicht
1643 3606 61 26 mehr

669 3666 3 18 ]
819 3652 94 31 möglich
925 3651 33 30 iſt,
969 3650 94 28 de3halb.
1076 3648 25 29 iſt
1114 3650 25 21 es
1151 3648 52 26 auch
1216 3646 46 29 gut,
1275 3645 44 27 daß
1332 3650 23 17 er
1369 3642 56 26 nicht
1438 3641 104 29 exiſtiert.
1568 3640 55 24 Eine
1636 3634 67 37 Welt-

666 3686 16 34 4
820 3682 264 33 anſchauungsprofeſſur
1099 3681 25 28 iſt
1139 3680 57 27 niht
1211 3685 45 17 nur
1272 3675 122 31 tatfächlich
1407 3675 36 23 ein
1458 3674 109 26 Nonſens,
1581 3672 51 23 weil
1648 3671 57 23 keine

666 3722 17 13 ai
821 3718 201 29 Weltanſchauung
1038 3716 28 22 da
1084 3714 32 28 iſt,
1134 3713 95 27 ſondern
1245 3710 52 28 auch
1315 3710 36 23 ein
1370 3707 108 29 ſchlechtes
1495 3704 56 31 Ziel,
1568 3705 52 23 weil
1637 3704 68 23 Welt-

821 3751 167 29 anſchauungen
1012 3747 124 27 überhaupt
1159 3744 152 24 überwunden
1333 3742 47 27 ſiyd
1403 3740 65 26 durch
1490 3739 33 22 die
1547 3736 160 29 poſitiv-erakte

821 3781 156 32 Wiſſenſchaft,
995 3781 34 23 die
1047 3779 162 25 unvollendbar
1227 3777 33 27 iſt.
1293 3774 229 27 Weltanſchauungen
1544 3771 45 27 ſind
1606 3769 101 29 Aufgabe

821 3818 40 23 der
882 3813 204 32 Charakterologie:
1109 3812 26 28 ſie
1156 3812 83 22 können
1262 3807 125 30 regiſtriert
1409 3806 45 22 und
1476 3803 122 24 analyſiert
1619 3803 88 22 werden

823 3851 45 22 und
883 3849 95 29 gehören
994 3846 65 29 ſomit
1073 3851 51 24 zum
1140 3843 88 26 Bereich
1242 3843 39 22 der
1297 3837 181 32 pſychologiſchen
1494 3834 154 28 Wiſſenſchaft.
1676 3835 31 23 Es

658 3907 5 5 ;
822 3883 47 29 gibt
883 3881 58 25 keine
955 3878 112 30 lebendige
1080 3875 201 29 Weltanſchauung
1294 3873 72 28 mehr;
1380 3877 44 18 nur
1437 3870 52 28 noch
1501 3868 47 24 eine
1562 3862 145 38 Wiſſenſchaft

653 3918 32 29 |
824 3920 43 19 von
887 3916 41 22 den
948 3910 138 32 hiſtoriſchen
1106 3908 235 27 Weltanſchauungen.

656 3962 5 12 G
866 3947 57 25 Was
947 3946 84 23 können
1054 3942 34 24 die
1110 3941 124 29 Verfechter
1258 3939 39 23 der
1321 3938 56 29 Jdee
1402 3937 60 23 einer
1482 3929 227 37 Weltanſchauungs-

652 3984 33 26 ZU
824 3980 110 30 profeſſur
949 3979 41 23 den
1006 3975 129 30 Skeptikern
1151 3972 126 26 erwidern?
1295 3970 65 27 „Wir
1377 3970 81 23 konnen
1474 3967 36 24 die
1524 3966 89 31 geiſtige
1628 3965 81 24 Situ»

662 4024 24 19 |
825 4014 48 24 tion
887 4013 39 23 der
940 4010 136 30 Gegenwart
1089 4007 77 26 ebenſo
1181 4007 39 28 gut
1233 4005 43 24 wie
1290 4004 44 29 ihr.
1356 4002 51 24 Wir
1422 4001 102 29 ſtimmen
1538 4000 54 23 aber
1605 3998 43 24 mit
1661 3998 49 28 euch

653 4044 10 20 u
679 4046 9 24 |
825 4047 73 24 weder
917 4045 24 24 in
961 4044 40 24 der
1020 4039 223 32 Charakteriſierung
1262 4038 38 23 der
1321 4036 137 29 Gegenwart
1479 4033 52 28 noch
1550 4032 25 24 in
1594 4032 40 23 der
1653 4030 58 30 Ziel-

653 4087 33 27 2
825 4080 84 30 fezung
929 4078 39 23 der
988 4073 98 32 Zukunft
1106 4072 99 24 überein.
1240 4070 62 28 Nicht
1324 4069 25 23 in
1370 4069 38 22 der
1429 4064 223 32 Charafkteriſierung
1674 4063 37 23 der

663 4116 26 36 41
826 4110 146 31 Gegenwart:
993 4107 53 25 weil
1066 4112 45 18 nur
1133 4105 49 23 dem
1203 4101 177 29 oberflächlichen
1402 4099 128 28 Betrachter
1551 4096 97 30 entgeht,
1665 4088 47 44 ddß

683 4154 5 22 j

684 4178 4 13 1]

827 4145 66 24 unter
915 4144 39 23 der
975 4138 129 30 Oberfläche
1126 4137 130 29 (ſcheinbar)
1277 4135 49 23 rein
1347 4132 174 30 poſitiviſtiſcher
1542 4130 170 27 Erörterungen

828 4178 48 24 eine
894 4176 63 30 Fülle
975 4178 44 19 von
1036 4168 314 32 Weltanſchauung3motiven
1370 4166 89 23 keimen.
1491 4164 49 23 Und
1558 4162 56 28 nicht
1633 4162 23 23 in
1675 4161 38 23 der

828 4209 133 31 Zielſehung
981 4207 38 24 der
1040 4204 104 31 Zukunft:
1166 4202 52 25 weil
1238 4201 61 29 ſchon
1320 4200 66 29 lange
1406 4199 35 23 ein
1463 4196 128 29 (kritiſcher)
1611 4193 102 32 geiſtiger

829 4241 177 32 Enthuſiasmus
1021 4239 34 23 die
1070 4234 210 32 unphiloſophiſche,
1295 4234 43 22 das
1354 4232 69 29 heißt:
1440 4230 112 29 kaſtrierte
1567 4221 151 38 Wiſſenſchaft

830 4274 42 26 mit
897 4275 62 29 ihrer
983 4270 161 30 unlebendigen
1169 4266 146 31 Reſignation
1340 4264 112 29 fruchtbar
1478 4262 104 28 kritiſiert
1606 4260 46 24 und
1678 4259 37 28 fich

831 4309 73 28 ſeinen
924 4307 90 29 eigenen
1036 4303 54 30 Weg
1109 4302 71 29 bahnt
1200 4307 27 24 zu
1247 4300 74 23 einem
1361 4297 36 25 jel,
1417 4298 42 22 das
1480 4301 45 19 von
1547 4292 111 32 Heraflich
1678 4291 37 24 bis

830 4340 101 33 Nießſche
950 4339 25 23 in
994 4339 41 23 den
1054 4332 180 32 verſchiedenſten
1254 4331 127 28 Symbolen
1401 4329 101 29 lebendig
1523 4327 69 24 war.“

657 4402 1 6 |
875 4373 59 25 Sher
947 4373 42 23 das
1001 4371 26 25 iſt
1039 4370 42 26 erſt
1093 4368 35 24 die
1140 4366 106 28 Abwehr!
1270 4364 53 25 Biel
1336 4363 103 29 ſchwerer
1452 4362 26 27 iſt
1490 4362 32 24 e?,
1534 4361 38 23 der
1586 4359 55 30 Jdee
1654 4359 61 23 einer

648 4410 24 16 e::
833 4401 324 33 Weltanſchauungsprofefſur
1190 4400 63 24 einen
1288 4394 252 32 praktiſch-erfüllbaren
1573 4392 84 32 Inhalt
1689 4396 28 25 zu

652 4442 39 31 "El
835 4440 74 30 ge“en.
942 4435 114 32 Zunächſt:
1074 4435 26 23 es
1118 4433 26 30 iſt
1164 4430 127 34 gefährlich,
1309 4430 65 24 einen
1393 4428 117 25 Gedanfen
1530 4432 26 24 zu
1575 4425 85 29 lehren,
1678 4425 39 22 der

831 4499 77 41 matik
1099 4517 6 10 N
1287 4496 59 29 jeder
1370 4494 68 26 Lehrer
1474 4493 64 29 heute
1560 4491 74 29 ſte>en
1657 4489 60 28 muß.

838 4536 80 32 Gewiß
934 4535 27 32 iſt
977 4535 25 25 es
1014 4503 52 68 ve.
1082 4531 94 32 geſunde
1193 4529 105 32 Methode
1315 4529 40 24 des
1371 4490 143 78 eln
1530 4524 57 30 nicht
1604 4522 114 32 Reſultate

1736 1852 40 21 den
1801 1849 173 29 Chamberlains
1998 1846 107 30 bezüglich
2130 1847 37 22 dex
2191 1845 146 27 Anwendung

836 4479 23 19 ei
893 4471 25 24 in
932 4471 40 23 der
986 4467 103 31 Bildung
1101 4465 111 32 begriffen
1227 4464 32 28 iſt.
1289 4462 48 26 Der
1352 4461 94 29 Schüler
1462 4460 59 24 wird
1536 4458 24 24 in
1575 4458 35 24 die
1624 4451 94 41 Proble»

1128 4499 24 24 in

1732 484 468 149 Bertagung
2224 468 143 145 der
2389 477 629 150 Protokollfrage
3039 507 175 111 zum
3237 480 265 130 Herbſ!

1732 668 240 58 Berweiſung
1980 661 632 60 andieBölkerbundsverſammtung

1825 737 116 34 Beneſc<y'
1958 737 71 28 Rede
2045 742 44 28 zur
2104 734 182 35 Berteidigung
2303 733 47 27 des
2366 731 151 35 Protokolls.

1823 792 208 32 (Telegramm
2049 789 133 30 unſeres
2199 787 322 29 Korreſpondenten.)

2327 837 28 30 3
2368 836 83 28 Genf,
2466 836 30 23 13.
2510 835 75 28 März.

1776 880 69 29 Heute
1858 883 49 19 war
1921 880 25 22 es
1958 876 125 29 Beneſchs
2096 875 107 29 Aufgabe,
2216 874 37 24 als
2267 873 61 24 einer
2343 872 38 24 der
2392 864 220 41 Hauptmitarbeiter

1734 919 38 18 am
1787 911 121 30 Protofoll,
1924 910 38 29 ſich
1976 917 27 25 zu
2018 910 38 23 der
2071 908 66 29 durch
2151 907 34 24 die
2199 906 189 32 Stellungnohme
2403 902 210 30 Großbritannien3

1806 944 74 29 ffenen
1901 949 71 19 neuen
1992 943 56 30 Lage
2068 947 27 25 zu
2113 940 94 29 äußern.
2239 939 67 30 Hatte
2326 938 24 24 in
2369 938 39 24 der
2428 936 108 31 geſtrigen
2555 934 58 25 Rede

1758 978 81 23 riand8
1857 976 36 23 ein
1912 974 112 31 elegiſcher
2041 974 50 24 Ton
2111 972 34 24 die
2161 972 129 28 Oberhand,
2309 971 38 23 der
2366 969 34 24 die
2419 968 92 29 deutlich
2529 967 84 23 nieder-

1734 1010 116 25 drücende
1870 1008 110 31 Wirkung
1999 1008 38 23 der
2064 1005 115 29 britiſchen
2204 1004 128 29 Erklärung
2359 1002 40 28 auf
2426 1001 34 25 die
2487 998 127 31 Franzoſen

1735 1041 181 28 widerſpiegelte,
1936 1040 23 28 ſo
1978 1037 158 30 verſuchte
2154 1038 24 22 es
2197 1035 92 29 Beneſch
2307 1035 42 23 mit
2368 1034 62 23 einer
2450 1028 163 37 ſachlichen

1735 1072 267 31 Rechtfertigung
2020 1072 38 22 des
2075 1069 95 26 Werkes,
2188 1075 30 16 an
2236 1069 48 22 dem
2302 1073 24 17 er
2344 1065 22 28 ſo
2385 1065 83 29 ſtarken
2484 1064 76 23 Anteil
2580 1068 34 24 ge-

1735 1107 53 27 habt
1808 1106 47 28 hat.
1889 1105 32 25 Er
1941 1104 86 29 begann
2050 1102 41 24 mit
2110 1103 39 21 der
2170 1100 148 29 Feſtſtellung,
2338 1098 44 28 daß
2402 1098 35 24 die
2465 1096 83 30 Politik
2576 1096 37 22 der

1734 1135 293 33 Tſc<hehoſlowakei
2059 1134 50 29 nah
2140 1133 42 24 wie
2213 1137 40 19 vor
2284 1132 49 24 dem
2364 1130 166 25 Gedanken
2562 1128 52 23 des

1735 1169 197 30 Protofoll35
1950 1170 72 22 treu
2041 1166 129 25 bleiben
2189 1165 78 24 werde.
2300 1164 32 24 Er
2358 1162 55 30 habe
2440 1162 38 28 fic)
2504 1161 35 24 nie
2567 1164 47 19 ver-

1734 1204 67 28 hehlt,
1854 1201 44 29 daß
1950 1202 41 22 das
2042 1198 113 29 PBrotofoſl
2206 1194 254 29 Unvollkommenheiten
2511 1192 105 28 aufweiſe

1736 1237 46 22 und
1824 1234 52 28 nach
1919 1234 46 23 und
2008 1233 51 28 noch
2101 1230 182 28 verbeſſert
2326 1228 125 24 werden
2495 1226 119 23 fönnte.

1736 1268 42 23 Die
1819 1266 97 28 britiſche
1956 1265 128 28 Erklärung
2123 1263 58 23 leiſte
2220 1263 49 22 dem
2309 1260 140 24 Völkerbund
2490 1259 46 21 und
2575 1258 39 21 den

1736 1300 115 24 Gedanfen
1873 1300 39 22 des
1933 1297 127 28 Protokolls
2082 1296 63 23 einen
2166 1294 83 30 großen
2273 1292 82 28 Dienſt,
2376 1292 57 22 dean
2454 1297 23 16 er
2498 1290 55 28 habe
2573 1290 40 21 den

1736 1331 114 26 Eindru>,
1868 1337 19 22 je
1906 1330 62 27 mehr
1987 1335 52 17 man
2058 1329 42 22 das
2117 1326 172 30 Protokoll
2314 1323 204 28 kritiſieree,
2537 1328 37 16 um
2593 1320 21 26 jo

1736 1366 62 26 mehr
1815 1364 71 24 werde
1904 1363 33 23 die
1955 1362 67 23 darin
2044 1356 209 32 verkörperte
2276 1353 78 32 Idee
2377 1362 36 17 an
2438 1356 104 23 Boden
2566 1350 66 31 ge-'

1736 1397 133 24 winnen.
1906 1395 46 24 Der
1971 1394 87 24 Redner
2077 1393 99 28 beſprach
2195 1392 84 27 ſodann
2298 1390 32 23 im
2349 1389 113 29 einzelnen
2482 1387 32 22 die
2534 1387 23 21 in
2577 1387 36 20 der

1736 1429 115 28 britiſchen
1871 1428 128 28 Erflärung
2033 1432 37 18 am
2090 1424 113 29 Protokoll
2224 1423 77 29 geübte
2322 1421 72 25 Kritik
2429 1419 108 29 bezüglich
2576 1419 37 21 der

1739 1461 369 29 Truppenbewegungen
2134 1457 44 23 und
2204 1458 38 21 der
2270 1456 47 22 dem
2343 1452 175 29 Angreifer
2545 1449 69 25 auf-

1736 1494 148 29 erlegten
1903 1490 260 30 Entſ<hädigung.
2194 1488 63 24 Dieſe
2275 1487 83 26 Punkte
2378 1486 92 22 würden
2490 1484 36 27 ſich
2545 1483 69 27 jeden-

1738 1526 53 26 falls
1806 1526 122 28 verbeſſern
1945 1525 75 27 laſſen.
2050 1523 46 25 Der
2112 1521 68 29 Krieg
2196 1521 54 29 habe
2266 1520 32 23 im
2313 1519 98 23 Norden,
2427 1518 23 22 in
2465 1516 88 24 Mittal«
2570 1514 44 23 und

1737 1559 124 27 Oſteuropa
1883 1563 53 17 neue
1960 1556 121 28 ſchwierige
2103 1553 149 28 Verhältniſſe
2274 1550 116 30 geſchaffen
2412 1551 46 21 und
2481 1547 133 28 tiefgehende

1737 1591 126 29 Gegenföäße
1881 1588 124 31 geſchaffen,
2023 1588 34 23 die
2075 1593 54 17 neue
2146 1586 80 29 Kriege
2245 1583 122 29 befürchten
2386 1582 78 28 ließen.
2501 1580 47 23 Alle
2568 1579 46 25 jene

1737 1624 85 24 Zänder
1846 1622 121 28 wünſchten
1991 1621 34 23 die
2047 1617 195 31 Sicherheit;
2266 1616 34 23 die
2323 1610 291 34 Tſ<ehoſlowakei

1737 1657 79 28 gehöre
1835 1661 27 24 zu
1882 1654 71 28 diefen
1973 1653 103 23 Bölkern.
2112 1651 42 24 Sie
2174 1650 131 28 verlangten
2324 1648 34 23 die
2376 1644 239 30 Derallgemei-

1738 1689 124 27 nierung
1911 1687 53 23 des
2013 1682 274 32 obligatoriſhen
2336 1672 279 40 Schieds8gerichts8.

1739 1721 41 24 Tie
1799 1719 175 30 fortſchreitende
1993 1717 146 29 Anwendung
2156 1715 68 29 dieſes
2242 1713 145 28 Grundſates
2405 1712 65 22 unter
2489 1708 127 27 Berückfich-

1739 1753 80 29 tigung
1837 1752 55 23 aller
1910 1750 150 30 Verhältniſſe
2077 1749 29 29 ſei
2124 1748 55 28 nicht
2196 1748 80 22 immer
2293 1744 97 30 möglich.
2425 1743 32 25 Es
2474 1743 71 22 werde
2563 1741 52 22 aber

1742 1786 51 23 iteis
1819 1785 48 23 eine
1894 1783 146 29 mächtige
2067 1780 161 26 Garantie
2254 1779 38 28 für
2319 1776 130 29 denjenigen
2476 1774 81 24 bilden,
2582 1772 34 23 die

1738 1824 31 17 an
1798 1818 38 23 der
1866 1817 129 28 Erhaltung
2024 1815 38 23 des
2092 1813 108 29 Friedens
2229 1811 106 23 arbeiten.
2379 1809 33 28 Zu
2441 1809 40 21 den
2510 1806 105 24 Einwän-

2362 1844 38 22 der
2424 1839 131 28 Brundſäße
2579 1839 37 21 des

1737 1882 126 28 Protokolls
1884 1881 38 26 auf
1942 1881 34 23 die
1996 1880 130 22 beſonderen
2147 1878 61 29 Fälle
2229 1874 235 30 tiefliegender
2484 1870 133 28 Kriegs-

1738 1915 143 27 urſachen
1904 1913 74 29 führte
2000 1911 91 27 Beneſch
2112 1912 49 22 aus,
2183 1909 33 23 die
2238 1906 191 28 Hauptbeſorgnis
2451 1906 37 22 der
2511 1902 105 29 Schöpfer

1738 1948 38 22 des
1802 1946 126 25 Protofolls
1958 1945 27 23 ſei
2014 1944 34 23 die
2077 1939 298 31 Unzulänglichfeit
2404 1939 53 21 des
2485 1935 132 23 Bölfker-

1737 1980 120 21 bundes
1877 1977 94 30 geweſen
1992 1977 45 23 und
2056 1976 34 23 die
2108 1975 83 24 Lüden,
2211 1973 33 23 die
2264 1979 23 16 er
2308 1971 92 28 enthält.
2434 1969 41 23 Um
2494 1968 33 23 die
2546 1966 70 24 Nicht-

1738 2011 118 29 beachtung
1869 2011 38 22 des
1921 2006 79 29 Paktes
2012 2014 26 23 zu
2052 2007 130 27 erſchweren
2194 2008 45 21 und
2254 2004 47 24 eine
2313 2003 97 30 große
2424 2000 194 29 Anzahlvon

1739 2041 260 29 Streitigkeiten
2017 2038 156 29 ſ<hlichten
2190 2044 33 22 zu
2240 2036 132 23 können,
2389 2033 56 25 ſeien
2461 2032 30 23 im
2508 2030 110 26 Proto-

1738 2075 64 23 koll
1825 2074 170 26 beſtimmte
2018 2070 249 28 Einrichtungen
2290 2067 138 29 vorgeſehen.
2465 2064 74 24 Darin
2563 2061 55 30 liege

1739 2108 35 22 ein
1796 2107 81 29 großer
1901 2104 136 29 Fortſchritt.
2074 2103 58 23 Man
2155 2102 66 23 könne
2243 2102 40 22 das
2306 2099 68 29 Jdeal
2396 2097 55 28 nicht
2474 2096 38 28 auf
2534 2095 83 23 einmal

1739 2138 170 27 verwirflihen;
1943 2143 52 17 man
2021 2135 64 28 müſſe
2112 2134 118 28 verſuchen,
2256 2134 41 22 das
2322 2130 108 29 Mögliche
2452 2135 26 22 zu
2504 2126 112 27 erreichen.

1738 2171 45 28 Auf
1838 2171 40 22 den
1935 2164 113 35 britiſchen
2104 2166 116 25 Einwand,
2272 2160 45 35 das
2374 2157 112 36 Protokoll
2542 2154 76 36 befaſſe

1740 2203 37 28 ſich
1797 2209 28 23 zu
1847 2203 46 27 ſehr
1915 2201 42 23 mit
1979 2202 47 21 dem
2050 2199 125 29 Kriegsfall
2198 2198 46 22 und
2266 2195 162 27 militäriſchen
2450 2192 168 27 Maßnahmen,

1740 2236 95 23 erflärte
1854 2234 100 27 Beneſch,
1972 2233 36 23 die
2028 2232 30 23 in
2077 2233 53 21 der
2149 2230 172 27 britiſchen
2341 2227 188 27 Erklärung
2547 2229 72 18 vor-

1741 2260 558 42 geſc<hlagenenSonderabfkommen,
2336 2260 37 24 die
2409 2258 111 27 ebenfalls
2559 2256 60 23 mili-

1742 2301 90 27 täriſche
1854 2299 176 29 Vorkehtungen
2053 2297 129 27 enthielten,
2203 2296 104 23 würden,
2329 2299 66 17 wenn
2418 2292 27 26 ſie
2467 2291 23 22 in
2514 2290 105 29 größerer

1741 2334 58 28 Zahl
1818 2333 106 29 zuſtande
1943 2332 85 24 kämen,
2047 2329 111 24 keinen
2177 2325 221 31 weſentlichen
2418 2322 202 28 Unterſchied

1743 2365 181 30 gegenüber
1949 2365 57 22 den
2033 2361 211 29 Vorſchlägen
2270 2360 54 22 des
2350 2356 196 29 Protokolls
2572 2356 47 21 be-

1741 2399 124 24 deuten.
1900 2396 44 25 Die
1964 2401 45 18 von
2030 2395 108 29 England
2159 2392 151 31 gewünſchten
2331 2391 138 30 Abkommen
2490 2390 68 21 unter
2578 2389 41 21 den

1742 2430 124 29 Aufpizien
1883 2431 39 22 des
1941 2429 170 24 Bölkerbunda3
2128 2424 205 30 entſprächen
2351 2423 39 23 im
2409 2422 132 25 Grunde
2558 2421 63 22 dem

1743 2463 193 28 Syſtem;des
1956 2459 208 29 Protokoll.
2180 2458 32 28 (?).
2247 2457 32 24 Er
2301 2455 28 29 ſei
2350 2455 38 28 ſoit
2409 2454 101 29 Jahren
2521 2453 38 26 .für
2579 2453 41 22 den

1744 2495 119 25 Gedanten
1886 2493 128 29 derartiger
2036 2488 136 27 Abkommen
2195 2486 145 33 eingetreten.
2379 2486 41 25 Er
2433 2485 129 29 verſhlicße
2585 2483 36 27 fich

1741 2530 41 22 den
1801 2526 115 29 britiſchen
1936 2524 148 30 Vorſhlägen
2101 2521 113 30 durchaus
2233 2521 63 28 nicht.
2330 2520 61 24 Man
2409 2520 64 22 wolle
2490 2517 130 28 Sicherheit,

1742 2561 97 29 Frieden
1859 2560 47 22 und
1924 2558 50 24 eine
1993 2557 164 28 Vevbeſſerung
2173 2556 40 22 de3
2232 2554 91 27 Paktes,
2343 2553 46 22 und
2408 2558 55 16 man
2482 2551 72 23 werde
2572 2549 65 24 dies
2626 2545 13 40 .

1742 2592 109 29 erreichen
1866 2591 106 28 dadurch,
1988 2590 45 28 daß
2048 2588 36 25 die
2100 2588 120 25 Gedanken
2236 2588 39 22 des
2291 2584 130 30 Protofolls
2438 2584 24 23 in
2479 2582 142 30 irgendeinet

1743 2626 71 29 Form
1830 2625 154 27 Anwendung
2001 2623 92 28 fänden.

1784 2657 126 29 Hiernach
1930 2656 91 24 wurde
2040 2655 57 24 eine
2117 2652 158 29 Reſolution
2295 2655 202 26 angenommen,
2518 2648 103 28 wonach

1743 2693 45 22 der
1800 2691 54 24 Nat
1867 2689 144 28 veſhließt,
2023 2687 41 25 die
2106 2686 199 27 Erklärungen
2344 2685 45 23 des
2401 2682 136 28 britiſchen
2550 2682 70 24 Dele:

1743 2724 101 28 gierten
1856 2724 54 22 und
1922 2723 44 22 der
1978 2720 114 29 übrigen
2102 2717 222 30 Ratsmitoliceder
2334 2717 148 28 zuſammen
2493 2715 50 23 mit
2554 2715 69 23 allen

1743 2755 130 29 etwaigen
1891 2754 124 24 weiteren
2034 2752 185 28 Erflärungen
2237 2752 45 22 der
2300 2743 322 38 Völkerbundsregierun-

1743 2794 49 22 gen
1806 2791 64 21 vor
1885 2787 56 24 die
1956 2785 197 25 kommende
2167 2781 454 29 Völkerbundsverſamm:

1745 2823 89 26 Lung
1857 2820 45 24 im
1923 2818 212 29 September
2162 2822 39 24 zu
2223 2815 198 28 verweiſen
2443 2815 54 23 und
2520 2812 41 25 die
2584 2814 38 22 be-

1745 2854 150 28 ſc<loſſenen
1912 2850 178 27 Vorarbeiten
2106 2855 33 23 zu
2154 2851 135 27 vertagen,
2308 2848 44 24 bis
2370 2847 40 24 die
2427 2846 195 25 Bölkerbunds-

1745 2886 199 28 verſammlung
1958 2884 31 24 in
2004 2886 44 22 der
2063 2883 86 29 Frage
2163 2882 56 24 eine
2232 2880 191 29 Eutſchcidung
2436 2879 90 29 gefällt
2540 2879 56 26 hat.

1789 2919 42 24 Die
1863 2917 186 29 Regierung
2079 2920 58 18 von
2167 2914 131 25 Kanada
2330 2913 38 29 hat
2399 2918 31 17 an
2462 2912 54 22 den
2549 2910 75 24 Völ-

1746 2949 221 27 kerbund3örat
1990 2949 35 23 ein
2040 2948 143 29 Telegramm
2199 2946 108 30 gerichtet,
2324 2945 73 24 worin
2414 2944 27 29 ſie
2457 2944 47 28 ihre
2520 2942 105 30 Anhäng-

1742 2991 73 33 BAER
1843 2991 40 33 MIRI
1892 2991 20 33 KI
1915 2991 124 33 EIEKACNENRITE
2045 2991 50 33 ENIE
2100 2991 24 33 DER
2127 2991 20 33 IIN
2152 2991 55 33 KEILE
2222 2991 18 33 47
2245 2991 9 33 KM
2263 2991 34 33 AUNS
2307 2991 25 33 EME
2340 2991 11 33 Z3
2358 2991 61 33 WOLTER
2426 2991 22 33 AEI
2457 2991 22 33 CAE
2480 2991 7 33 T
2494 2991 40 33 EEN
2540 2991 36 33 EUA
2589 2991 42 33 LINE

1746 3056 27 23 zu
1785 3049 84 28 lehren,
1881 3048 94 27 ſondern
1988 3047 34 23 die
2033 3045 100 30 Prozeſſe
2144 3051 28 23 zu
2184 3044 71 28 dieſen
2267 3043 129 27 Reſultaten
2409 3046 132 24 anzuregen.
2569 3039 58 23 Aber

1747 3084 24 20 es
1788 3082 25 25 iſt
1829 3082 72 22 etwas
1916 3081 103 23 anderes,
2035 3080 41 22 den
2093 3078 92 28 Schüler
2202 3077 63 23 einen
2281 3076 61 28 Weg,
2359 3074 69 28 deſſen
2444 3073 121 29 Charakter
2583 3072 45 22 und

1747 3114 117 28 Endpunkt
1887 3113 37 23 der
1947 3112 80 29 Lehrer
2050 3112 70 24 kennt,
2142 3109 130 28 ſelbſtändig
2295 3108 67 29 gehen
2384 3114 27 22 zu
2434 3106 73 27 laſſen,
2529 3105 38 22 als
2590 3104 38 26 ihn

1747 3147 39 27 auf
1803 3146 63 23 einen
1883 3144 152 24 unbekannten
2051 3143 55 28 Weg
2122 3141 171 30 mitzunehmen,
2310 3140 68 28 deſſen
2395 3138 112 27 Gefahren
2524 3136 104 28 vielleicht

1748 3185 44 17 nur
1809 3180 38 22 der
1865 3178 88 28 Lehrer,
1970 3177 53 23 aber
2041 3176 55 27 nicht
2113 3174 62 29 mehr
2192 3175 38 22 der
2248 3172 92 29 Schüler
2357 3171 120 31 gewachſen
2496 3170 32 22 iſt.

1789 3214 58 27 Dod)
1868 3213 33 23 die
1922 3211 154 30 pädagogiſche
2097 3210 93 28 Gefahr,
2211 3210 33 23 die
2265 3209 41 23 mit
2327 3209 48 22 dem
2397 3206 60 29 Plan
2480 3207 60 22 einer
2561 3205 68 23 Welt-

1749 3242 263 34 anſchauungsprofeſſur
2026 3245 65 29 heute
2104 3243 126 29 notwendig
2246 3242 134 29 mitgegeben
2396 3241 33 28 iſt,
2443 3240 67 22 bleibt
2527 3238 54 28 nicht
2596 3237 33 24 die

1750 3280 83 29 einzige
1848 3278 169 29 Schwierigkeit.
2047 3276 52 24 Wer
2115 3276 39 28 ſoll
2168 3276 70 22 einem
2253 3273 149 29 Philoſophen
2415 3273 33 23 die
2463 3271 166 29 auszeichnende

1751 3313 159 29 Berechtigung
1932 3311 120 28 verleihen,
2073 3309 57 28 ſeine
2152 3307 197 29 Weltanſchauung
2369 3312 27 22 zu
2418 3305 82 27 lehren.
2536 3302 94 30 Fattiſch

1751 3346 75 28 lehren
1846 3345 59 27 ſchon
1922 3344 56 23 viele
1997 3343 24 23 in
2039 3343 64 27 ihren
2121 3340 90 30 Kollegs
2229 3339 53 24 über
2302 3339 62 28 Ethik
2383 3339 45 22 und
2447 3334 111 31 Aeſthetik,
2576 3337 54 21 über

1751 3378 63 29 Logik
1830 3379 45 22 und
1892 3374 256 30 Geſchichtsphiloſophie
2163 3372 94 31 zugleich
2273 3372 47 28 ihre
2336 3370 204 28 Weltanſchauung.
2571 3368 60 23 Aber

1752 3410 109 30 illegitim,
1883 3408 106 30 heimlich!
2026 3405 185 28 Gewiſſermaßen
2240 3402 110 26 nebenbei!
2385 3403 51 24 Wer
2465 3402 38 28 ſoll
2530 3401 44 30 jeht
2603 3406 28 17 an

1752 3444 63 23 einen
1832 3442 76 24 Mann
1926 3443 40 21 den
1984 3440 46 27 Ruf
2048 3439 92 30 ergehen
2158 3438 76 28 laſſen:
2252 3443 25 17 er
2295 3437 61 28 möge
2374 3436 37 23 als
2428 3434 129 28 Philoſoph,
2576 3432 55 28 nicht

1752 3482 44 17 nur
1813 3475 37 23 als
1867 3473 182 29 Wiſſenſchaftler
2067 3471 105 24 wirken?!
2206 3469 53 30 Hier
2277 3469 53 30 liegt
2347 3468 34 24 die
2399 3468 67 29 ewige
2483 3465 148 31 ſoziologiſche

1753 3507 173 30 Schwierigkeit:
1942 3506 44 28 daß
2001 3505 34 24 die
2051 3504 131 28 Gewählten
2197 3502 35 25 die
2247 3501 136 29 Wählenden
2400 3501 124 28 überragen
2540 3494 91 37 müſſen;

1753 3542 43 28 daß
1815 3542 41 21 den
1876 3539 139 29 Geringeren
2034 3538 42 22 das
2093 3536 64 27 Recht
2177 3536 37 24 der
2234 3534 68 28 Wahl
2320 3533 84 30 zufällt.
2437 3532 87 24 Namen
2545 3526 86 39 präſen-

1754 3574 69 23 tieren
1845 3573 37 27 fich
1901 3576 44 19 von
1964 3570 67 29 ſelbſt.
2064 3569 74 23 Reden
2156 3568 44 24 wir
2220 3569 48 26 (um
2288 3566 96 31 zunächſt
2404 3564 105 24 aktuellen
2527 3564 60 28 Zank
2606 3569 27 23 zu

1754 3605 134 27 vermeiden)
1906 3608 43 19 von
1968 3605 40 22 den
2025 3602 72 25 Toten
2114 3603 38 21 des
2169 3600 73 30 lehten
2260 3599 149 29 Jahrzehnts:
2428 3597 81 29 Cohen,
2528 3591 106 37 Simmel,

1754 3639 60 29 Haſk,
1833 3636 115 29 Proeltſch.
1982 3635 58 23 Aber
2059 3634 89 29 welcher
2166 3630 104 32 Fakultät
2288 3632 73 25 dürfte
2379 3636 53 17 man
2449 3630 62 28 heute
2530 3629 34 24 die
2580 3629 53 24 Ent-

1755 3671 112 29 ſcheidung
1887 3668 137 28 überlaſſen?
2059 3666 44 25 Am
2122 3666 71 27 beſten
2212 3666 61 23 wäre
2294 3664 50 28 noch
2363 3663 47 24 eine
2430 3662 115 29 Beſeßzung
2566 3661 67 27 dieſer

1755 3703 142 28 Profeſſuren
1918 3701 66 29 durch
2005 3699 144 29 Kooptation.
2184 3698 69 24 Dann
2273 3698 61 23 wäre
2355 3702 44 18 nur
2420 3697 34 22 die
2475 3694 100 30 Bildung
2597 3696 37 21 der

1757 3736 83 29 Urzelle
1855 3735 113 27 Problem.

1796 3768 93 28 Manche
1907 3767 52 25 aber
1979 3767 88 23 werden
2087 3765 94 27 meinen,
2199 3764 35 24 die
2253 3761 151 31 pädagogiſche
2425 3761 45 23 und
2488 3759 147 31 ſoziologiſche

1756 3799 195 32 organiſatoriſche
1972 3797 164 30 Schwierigkeit
2157 3797 25 29 iſt
2202 3795 79 31 gering
2303 3801 66 24 gegen
2388 3794 35 23 die
2442 3788 195 38 Sanktionierung

1757 3836 38 22 des
1815 3833 103 31 geiſtigen
1939 3832 81 27 Chaos.
2055 3830 59 24 Man
2136 3830 60 23 denkt
2218 3826 166 30 beiſpielsweiſe
2406 3832 53 18 nur:
2481 3824 75 29 Cohen
2577 3825 60 23 und

1757 3867 106 24 Simmel.
1895 3865 43 25 Die
1956 3863 107 29 Anarchie
2081 3864 38 23 der
2137 3862 84 24 Kultur
2238 3861 78 23 würde
2333 3859 64 29 durch
2416 3857 221 30 Weltanſchauungs-

1757 3899 134 29 profeſſoren
1911 3903 46 18 nur
1976 3896 51 29 noh
2047 3896 40 24 mit
2113 3893 178 30 Scheinwerfern
2317 3891 115 30 beleuchtet
2458 3891 94 24 werden,
2594 3889 43 24 Die

1758 3932 127 25 Studenten
1909 3931 93 23 würden
2025 3928 55 29 nicht
2104 3933 44 19 nur
2172 3926 65 29 durch
2261 3927 41 22 den
2326 3924 155 30 notwendigen
2505 3923 132 30 Fragment-

1758 3964 109 29 <arafkter
1881 3964 39 23 der
1934 3962 176 30 vorgetragenen
2124 3958 208 31 Weltanſchauung,
2344 3958 94 27 ſondern
2452 3960 42 20 vor
2508 3956 66 23 allem
2588 3950 50 38 nod

1758 3997 65 29 durch
1844 3996 49 29 ihre
1914 3994 172 30 Relativierung
2108 3991 55 26 dank
2184 3993 38 23 des
2245 3988 333 31 Weltanſchauungsprofeſſox8
2600 3988 37 23 der

1758 4028 234 31 Nachbaruniverſität
2010 4026 100 24 irritiert
2127 4026 96 24 werden.
2256 4023 90 27 Darauf
2365 4023 26 28 iſt
2408 4028 27 23 zu
2454 4021 121 25 erwidern:
2595 4020 44 23 wir

1759 4063 79 24 wollen
1859 4061 56 30 nicht
1935 4060 33 24 im
1986 4058 174 30 Vorübergehen
2178 4055 139 31 entſcheiden,
2336 4055 27 24 ob
2382 4054 34 25 die
2436 4053 123 31 Herrſchaft
2579 4052 60 24 eines

1761 4096 99 29 einzigen
1872 4093 162 30 Wertſyſtems,
2046 4092 61 24 einer
2120 4090 99 30 einzigen
2231 4088 131 29 Weltviſion
2375 4088 36 24 ein
2425 4086 68 30 Jdonl
2506 4086 32 28 iſt.
2559 4085 81 30 Jeden-

1761 4128 52 27 falls
1829 4127 41 30 gilt
1883 4127 38 28 für
1937 4127 44 23 uns
1995 4124 93 31 Heutige
2101 4124 34 24 die
2149 4120 136 31 Polyarchie.
2312 4119 55 26 Eine
2380 4119 111 29 künſtliche
2505 4118 135 28 Uniformie-

1762 4167 58 24 rung
1839 4161 62 22 wäre
1919 4158 129 29 Wahnſinn.
2080 4156 44 25 Die
2141 4153 199 31 Weltanſchauung
2358 4152 90 28 unſerer
2467 4151 96 30 Zukunft
2582 4150 58 24 wird

1762 4194 38 28 ſich
1818 4191 126 30 ſynthetiſch
1962 4190 84 25 bilden:
2066 4189 31 24 im
2117 4187 152 32 Jdeenkampf,
2287 4186 24 24 in
2331 4187 37 23 der
2387 4179 254 39 Jdeenverſchmelzung,

1763 4228 23 22 in
1799 4227 39 23 der
1850 4223 216 32 Jdeenfkooperation
2080 4221 86 30 einiger
2177 4218 104 31 typiſcher
2295 4216 345 31 Philoſophenperſönlichkeiten.

1764 4259 40 24 Die
1823 4257 104 30 Vielzahl
1944 4253 212 32 weltanſchaulicher
2174 4251 144 26 Kernmotive
2338 4251 26 28 iſt
2381 4250 46 25 kein
2445 4249 111 25 Einwand
2575 4253 66 26 gegen

1763 4293 33 23 die
1817 4290 101 31 Bildung
1938 4289 61 25 einer
2020 4286 205 30 Weltanſchauung.
2260 4284 49 25 Und
2328 4288 65 19 wenn
2414 4288 53 18 man
2487 4288 51 24 zum
2559 4280 83 30 Schluß

1764 4324 50 29 noch
1831 4330 27 23 zu
1876 4323 122 29 entgegnen
2015 4320 116 29 verſuchte:
2149 4318 56 30 dieſe
2222 4317 102 30 Bildung
2341 4316 61 24 einer
2417 4314 141 31 zukünftigen
2574 4312 69 25 Welt-

1764 4356 138 30 anſchauung
1920 4360 52 26 mag
1991 4354 32 24 im
2042 4352 114 30 Geſpräch,
2184 4352 31 24 im
2241 4347 158 32 Briefwechſel,
2432 4348 24 24 in
2483 4346 159 31 Zeitſchriften-

1764 4389 155 29 diskuſſionen,
1937 4387 32 25 im
1989 4385 157 31 Bücherkampf
2165 4386 39 24 der
2223 4381 150 31 Philoſophen
2392 4380 103 29 wachſen:
2514 4385 64 24 wozu
2597 4379 47 29 ſind

1764 4422 53 25 aber
1831 4417 353 32 Weltanſchauung3profeſſuren
2198 4415 78 31 nötig?
2290 4426 28 8 ==
2330 4414 24 29 ſo
2368 4414 26 28 iſt
2408 4419 28 24 zu
2449 4412 137 24 antworten:
2601 4410 44 24 die»

1881 4453 34 26 die
1937 4452 84 25 einmal
2041 4451 35 25 die
2096 4449 116 26 kulturelle
2232 4447 151 31 Entwicklung
2401 4446 127 29 beſtimmen
2549 4444 96 25 werden,

2041 4484 40 29 auf
2099 4484 25 24 in
2142 4483 36 25 die
2195 4481 89 32 geiſtige
2304 4479 151 30 Problematik
2473 4480 39 23 der
2531 4476 50 31 Zeit
2600 4476 45 24 ein-

2057 4515 103 32 Aufgabe
2182 4515 72 32 leßter
2277 4511 264 32 Kulturentſcheidungen
2565 4508 81 33 geſtellt

1766 4455 94 30 jenigen,

1767 4484 257 33 müſſen
1875 4480 46 42 von
1936 4484 88 33 Jugend

1767 4517 269 35 geweiht
1879 4507 47 49 und
1937 4507 44 49 vor
1992 4507 47 49 die

2658 648 83 30 lichkeit
2761 654 30 17 an
2810 648 41 24 den
2873 644 142 28 Völkerbund
3035 643 83 25 betont,
3139 640 71 30 jedoch
3229 638 90 26 erklärt,
3339 636 44 29 daß
3402 638 25 22 es
3456 635 46 23 nic

2661 681 40 24 im
2722 678 168 33 Intereſſe
2914 676 166 27 Kanadas,
3104 675 38 25 der
3159 671 114 30 britiſchen
3289 669 129 32 Regierung
3434 668 46 23 und
3496 669 6 22 |

2661 712 165 26 Völkerbundes
2864 710 63 31 liege,
2965 708 49 25 die
3052 702 160 33 Annahme
3249 704 52 23 des
3339 699 156 31 Protokol

2661 746 99 28 ihrem
2791 743 190 30 Parlament
3011 746 34 24 zu
3077 737 193 30 empfehlen,
3299 733 132 28 namentlich
3459 737 43 24 wee

2661 779 38 22 der
2721 777 187 28 Beſtimmungen,
2932 772 120 30 betreffend
3082 771 34 25 die
3145 768 209 26 Sanktionen.
3404 765 68 25 Einer
3496 765 6 22 |

2662 810 92 24 Gründe
2769 815 27 23 zu
2812 808 70 28 dieſer
2898 805 189 30 Stellungnahme
3103 803 29 29 ſei
3148 802 34 24 die
3198 797 297 32 Nichtteilnahmed

2661 841 216 29 Vereinigten
2900 839 141 24 Staaten
3064 836 34 23 bei
3113 836 37 23 der
3167 834 146 28 Anwendung
3328 837 43 19 von
3384 824 118 40 Sanktion

2662 872 131 29 namentlich
2818 871 123 31 gegenüber
2967 870 71 23 einem
3063 869 93 23 Kanada
3182 866 156 28 benachbarten
3364 863 78 24 Lande.
3491 862 11 23 7

2662 905 120 29 kanadiſche
2805 904 128 30 Regierung
2957 902 28 29 ſei
3009 901 77 25 bereit,
3108 900 34 24 die
3166 897 164 30 obligatoriſche
3354 894 148 29 Rechtſprechu

2661 940 38 22 des
2725 938 124 29 Haager
2875 933 244 30 Gerihtshofes
3145 932 23 23 in
3188 930 156 28 Rochtsfragen
3363 928 139 29 anzuerkenn

2662 971 64 26 ſowie
2757 976 31 17 an
2818 970 61 23 einer
2909 966 219 31 allgemeinen
3160 959 342 31 Abrüſtungskonfere

2663 1003 168 28 teilzunehmen,
2847 1006 65 19 wenn
2929 1000 55 28 dieſe
3000 998 131 29 Teilnahme
3147 996 55 29 nicht
3219 995 33 24 die
3269 994 115 30 Annahme
3401 994 37 23 des
3454 992 47 29 Pro

2662 1037 54 23 fkolls
2733 1041 40 24 zur
2791 1034 134 28 Bedingung
2942 1032 62 29 habe.

2718 1084 135 51 Rgoult
2871 1081 192 59 Präſident
3083 1080 65 49 der
3166 1077 311 58 Saarregierung.

3119 1148 81 28 Genf,
3222 1149 29 23 13.
3270 1147 72 29 März.
3368 1146 42 28 (W.
3430 1146 22 24 T.
3473 1145 29 24 B.

2702 1194 39 29 Im
2759 1191 209 29 Widerſpruch
2985 1198 26 23 zu
3028 1189 59 24 einer
3106 1187 142 29 Abmachung,
3267 1186 32 24 die
3318 1187 35 23 der
3372 1185 41 23 Rat
3432 1190 37 19 vor
3489 1186 13 20 d

2660 1227 86 26 Jahren
2769 1225 91 23 darüber
2883 1223 101 29 getroffen
3008 1222 64 24 hatte,
3095 1222 42 28 daß
3160 1220 43 24 kein
3226 1219 101 27 Mitglied
3351 1220 33 21 der
3408 1217 94 26 Saarrec

2662 1256 196 30 rungökommiſſion
2878 1257 57 25 mehr
2951 1256 34 21 als
3005 1255 47 28 fünf
3070 1254 70 27 Jahre
3158 1252 30 23 im
3205 1253 50 22 Aint
3274 1251 80 22 bleiben
3372 1249 55 27 darf,
3445 1248 57 28 beſch

2661 1293 35 23 der
2728 1290 42 23 Rat
2799 1290 81 28 geſtern
2910 1289 68 22 abend
3008 1287 21 23 in
3058 1286 55 23 einer
3137 1284 166 29 Geheimſißung,
3333 1284 46 22 den
3403 1281 45 28 ſeit
3473 1280 27 23 19

2663 1323 176 24 amtierenden
2887 1320 170 28 Präſidenten
3105 1320 43 21 der
3195 1313 307 32 NRegierungstommiſſio

2661 1357 112 26 Raoult,
2788 1355 44 27 für
2847 1354 44 23 ein
2905 1353 119 24 weiteres
3039 1351 70 29 Jahr
3124 1350 30 24 in
3169 1349 93 28 ſeinem
3277 1349 64 22 Amt
3352 1352 29 23 zu
3397 1345 105 28 veſtätig

2661 1390 56 21 und
2737 1388 46 22 die
2804 1386 128 29 üährigen
2953 1383 186 30 Mitglieder
3161 1382 47 23 für
3228 1381 47 22 ein
3295 1379 142 24 weiteres
3459 1377 36 27 Ja

2662 1422 29 22 in
2710 1421 95 27 ihrem
2824 1419 64 23 Amt
2905 1424 33 24 zu
2956 1416 146 27 belaſſen.
3136 1414 64 25 Unter
3220 1413 66 27 dieſen
3301 1412 126 23 Umſtänden
3446 1410 53 22 erflä

2662 1454 36 26 ſich
2721 1451 122 30 Frankreich
2873 1451 39 22 mit
2941 1452 44 21 dem
3015 1453 41 19 von
3079 1448 100 27 Englan»
3209 1445 141 27 unterſtüßten
3374 1443 60 23 Vor
3444 1442 50 26 ſ<l

2662 1486 173 26 Schwedens
2866 1482 167 25 einverſtanden,
3065 1481 55 22 das
3151 1480 63 22 Amt
3247 1479 48 21 des
3328 1474 168 28 Präſident

2662 1516 120 31 fünftig
2800 1517 50 23 auf
2869 1515 103 23 Grund
2985 1513 87 23 eines
3093 1511 166 29 jährlichen
3277 1508 125 24 Turnus
3419 1512 31 23 zu
3469 1510 30 17 ve

2662 1551 96 28 geben.
2790 1549 31 28 In
2839 1551 34 21 der
2893 1547 67 29 Frage
2978 1548 36 21 der
3033 1544 167 30 Zurüziehung
3217 1546 35 20 der
3270 1539 146 29 franzöſiſchen
3435 1539 67 26 Trup]

2662 1585 42 21 aus
2721 1584 48 21 dem
2788 1579 187 29 Saargebiet
2993 1579 38 25 ſoll
3049 1577 36 28 ſic
3102 1578 36 22 der
3156 1576 42 23 Rat
3217 1575 37 23 mit
3272 1576 45 21 dem
3335 1566 161 37 Verſprech

2662 1613 193 30 Frankreichs
2883 1612 92 28 begnügt
3000 1610 73 27 haben,
3102 1610 28 22 im
3152 1607 65 27 Laufe
3246 1606 66 27 dieſes
3334 1605 81 26 Jahres
3435 1601 63 25 eini

2662 1648 132 28 hundert
2810 1645 91 24 Mann
2917 1645 40 22 aus
2974 1644 46 21 dem
3037 1640 187 29 Saargebiet
3240 1631 215 37 abzuberufen.

2708 1678 114 29 „Journal
2842 1680 23 20 de
2885 1675 101 24 Geneve“
3006 1673 128 29 verzeichnet
3153 1673 40 22 das
3212 1669 98 28 Gerücht,
3330 1668 41 28 daß
3390 1665 112 28 verſ<i1

2667 1713 72 22 dene
2762 1706 350 28 Bölkerbundsſtaaten
3134 1705 53 22 über
3211 1703 33 22 die
3280 1702 99 28 ſtreng
3402 1698 100 29 gehei!t

2667 1742 212 29 Behandlung
2908 1742 51 21 der
2991 1737 160 29 Danziger
3180 1736 59 22 und
3269 1732 203 28 Saarfragen

2667 1773 185 30 RateKlage
2865 1772 121 28 führen.
3015 1769 57 24 Man
3086 1769 45 28 ſehe
3144 1769 23 22 in
3180 1769 37 22 der
3231 1763 185 29 ausſchließlichen
3428 1761 74 30 gehein

2667 1807 148 28 Behandlung
2833 1804 68 26 dieſer
2919 1803 89 29 Fragen
3026 1801 64 23 einen
3107 1799 128 27 Verſtoß
3253 1804 65 23 gegen
3337 1797 32 23 die
3388 1794 113 27 Beſtimun

2667 1841 39 21 des
2723 1838 97 23 Artikels
2838 1839 12 21 4
2870 1837 37 22 des
2926 1833 234 27 Völkerbundspaktes,
3179 1830 87 27 wonc<h
3284 1830 32 23 die
3337 1828 101 23 Staaten,
3458 1826 33 24 die

2668 1871 135 28 veſtimmten
2820 1868 95 29 Fragein,
2933 1866 33 23 die
2983 1871 40 18 vor
3041 1866 48 22 dem
3105 1864 44 23 Rat
3166 1862 115 28 behandelt
3298 1862 94 22 werden,
3410 1858 92 26 intereſſ

2669 1904 52 29 ſind,
2737 1901 51 27 auc)
2802 1904 43 20 von
2861 1901 48 29 dem
2925 1899 43 25 Rat
2983 1898 77 29 gehört
3076 1898 87 22 werden
3179 1890 88 39 müſſen.

2758 1950 65 50 Jie
2843 1946 400 57 Saarverhandlungen
3263 1944 38 48 in
3319 1940 126 59 Paris.

2754 2019 208 29 (Selegramm
2983 2016 132 28 unferes
3134 2011 321 29 Korreſpondenten.)

3227 2055 26 30 H
3270 2054 93 28 Paris,
3381 2055 29 21 13.
3426 2053 73 28 März.

2709 2098 40 24 Die
2769 2097 92 28 deutſche
2880 2097 45 22 und
2945 2094 138 29 franzöſiſche
3103 2091 206 28 Unterkommiſſion
3329 2091 37 26 für
3386 2089 34 23 die
3439 2089 63 23 Saa

2667 2133 114 27 fragen
2812 2130 45 23 ſind
2885 2129 83 29 geſtern
3000 2128 29 22 im
3053 2124 248 31 Handelsminiſterium
3331 2122 78 23 wieder
3431 2128 27 21 zu
3481 2121 21 23 ei

2667 2165 92 28 Sißung
2774 2163 231 29 zuſammengetreten,
3019 2160 45 23 und
3077 2159 33 23 die
3123 2158 108 27 deutſchen
3244 2156 138 28 Delegierten
3394 2153 108 28 überreich

2668 2198 47 22 eine
2757 2194 181 28 Denkſchrift,
2951 2193 33 23 die
2998 2194 39 21 den
3052 2191 142 26 Standpunkt
3207 2191 37 21 der
3258 2187 195 28 Reichsregierung
3465 2192 27 22 zu

2668 2229 172 29 Zollfrage
2853 2228 30 21 im
2897 2225 135 28 Saargebiet
3045 2225 91 27 darlegt.
3159 2222 76 28 Dieſes
3247 2219 135 29 Schriftſtü>
3395 2219 39 27 ſoll
3445 2219 57 22 von

2669 2261 154 28 franzöſiſchen
2835 2257 212 28 Sachverſtändigen
3060 2257 62 25 heute
3135 2255 89 29 geprüft
3237 2249 93 28 werden.
3345 2252 46 24 Der
3406 2250 96 29 „Excelſi

2670 2294 99 23 erinnert
2792 2299 29 16 an
2845 2292 47 22 ein?
2917 2291 63 24 Rede,
3005 2290 33 23 die
3063 2286 234 26 Miniſterialdirektor
3321 2284 106 28 Poſſe,
3451 2284 37 21 der

2669 2327 70 23 Stelle
2754 2324 196 27 Trendelenburgs
2962 2323 34 22 die
3011 2321 92 29 Leitung
3117 2322 37 21 der
3169 2319 108 28 deutſchen
3289 2316 132 28 Delegation
3436 2310 66 37 vorül

2669 2360 82 27 gehend
2769 2357 142 23 übernimmt,
2930 2360 39 18 vor
2990 2354 70 23 einem
3078 2353 72 29 Jahre
3168 2352 22 22 in
3208 2352 95 23 Bremen
3320 2349 100 29 gehalten
3438 2344 45 35 hat.

2670 2391 67 23 dieſer
2756 2389 57 24 Rede
2832 2389 54 27 habe
2904 2388 62 27 Poſſe
2985 2387 33 22 die
3037 2384 185 29 wirtſchaftlichen
3240 2383 107 29 Zuſtände
3365 2381 105 25 Europ23
3487 2379 15 27 ſt

2670 2423 111 27 kritiſiert“
2800 2422 44 21 und“
2871 2421 37 27 ſich“
2933 2424 97 23 gegen
3054 2419 55 21 den
3135 2415 250 28 übertriebenen
3405 2408 96 37 'Prot«

2671 2455 181 24 tiomis8m
2812 2444 38 40 us
2869 2451 156 29 verſchiedener.
3042 2450 84 27 Mächte
3143 2448 122 28 gewandt.
3257 2444 10 40 -
3371 2460 2 2 44%
3424 2453 2 3 <2

2872 2526 66 50 Die
2958 2524 192 56 Teuerung
3169 2524 39 46 in
3227 2520 118 51 Bien.

2759 2598 208 28 (Telegramm
2987 2594 134 30 unſeres
3138 2584 321 39 Korreſpondenten.)

3221 2639 29 18 €.
3274 2632 87 27 Wien,
3381 2632 31 22 13.
3429 2630 73 29 März.

2712 2676 43 24 Die
2786 2674 151 28 Entwi>lung
2969 2673 39 23 der
3041 2668 209 31 Preisverhältniſſe
3283 2667 24 23 in
3339 2660 139 37 Oeſterreid),

2672 2709 130 27 beſonderen
2820 2708 23 22 in
2861 2705 72 25 Wien,
2951 2707 39 27 hat
3008 2707 24 21 es
3050 2703 62 29 nötig
3130 2701 101 30 gemacht,
3249 2700 43 27 daß
3310 2699 34 23 die
3360 2698 128 28 Regierung

2672 2742 80 23 wieder
2771 2741 40 23 wie
2828 2746 27 24 zu
2873 2739 76 29 Zeiten
2968 2740 38 20 der
3023 2734 217 32 Zwangswirtſchaft
3258 2739 39 16 um
3314 2732 33 23 die
3365 2729 108 34 Pxeiſe
3491 2730 11 22 d

2672 2773 234 27 Lebenösmittel
2922 2772 115 23 fümmert.
3066 2769 105 27 Nachdem
3187 2768 26 27 ſie
3229 2766 57 23 beim
3301 2765 58 23 Brot
3375 2764 42 23 mit
3431 2762 71 23 Anfla

2673 2814 66 24 gegen
2760 2807 34 23 die
2814 2803 258 30 Direktionsmitglieder
3093 2806 43 19 von
3158 2798 156 29 Brotfabriken
3334 2795 145 30 eingegriffen
3499 2795 3 21 |

2673 2840 91 30 beginnt
2791 2840 26 28 fie
2843 2838 45 29 jeßt
2914 2837 42 23 mit
2983 2835 211 27 Maßnahmen
3220 2837 95 24 gegen
3341 2829 48 23 die
3415 2826 86 30 Fleiſ

2675 2875 163 25 teuerung.
2872 2871 34 27 In
2928 2871 37 22 der
2986 2867 194 30 Großmarkthalle
3199 2865 77 25 wurde
3294 2864 64 27 heute
3377 2861 48 24 eine
3444 2859 58 28 umfc

2675 2907 65 27 reiche
2757 2906 45 22 und
2820 2905 83 27 ſtrenge
2920 2901 170 29 Ueberprüfung
3106 2901 37 22 der
3161 2898 74 30 Preiſe
3251 2897 36 29 für
3305 2894 79 31 Fleiſc)
3401 2894 45 23 und
3463 2892 39 24 Wu

2674 2944 76 19 waren
2781 2942 178 24 vorgenommen.

2671 2974 831 48 alenneenenzeneeneeenezezezezieeeeeuezezezzzziin

2675 3035 94 23 werden.
2804 3033 63 23 Denn
2886 3031 112 30 wichtiger
3015 3032 36 21 als
3070 3029 34 24 die
3123 3029 85 28 Löſung
3226 3027 59 24 einer
3304 3025 129 29 begrenzten
3451 3022 51 28 Auf(

2678 3070 44 21 und
2737 3067 33 23 die
2785 3065 111 24 Kenntnis
2911 3069 151 24 vergangener
3078 3060 147 30 Philoſophen
3240 3059 25 28 iſt
3280 3058 33 23 die
3328 3056 119 28 ſouveräne
3460 3054 42 24 Ein

2678 3101 23 22 in
2717 3100 34 23 die
2767 3098 109 24 Struftur
2892 3098 38 22 der
2945 3096 48 29 Zeit
3010 3097 45 21 und
3070 3095 33 23 die
3119 3092 112 30 Fähigkeit
3248 3091 133 27 ſouveräner
3396 3082 106 38 Entſchoid

2678 3133 53 23 über
2746 3133 39 21 den
2802 3131 60 24 Sinn
2877 3131 38 22 der
2929 3129 103 28 Zukunft.
3061 3126 79 24 Beides
3153 3126 59 23 aber,
3226 3123 93 28 Einſicht
3333 3123 44 22 und
3389 3120 110 28 Entſcheid

2678 3165 102 28 vollzieht
2795 3164 36 28 fich
2846 3163 23 22 in
2883 3161 130 28 lebendigen
3027 3158 198 29 Perſönlichkeiten.
3255 3156 43 23 Die
3311 3155 54 26 beſte
3378 3153 124 29 Erziehung

2679 3197 108 28 künftiger
2803 3195 88 29 Führer
2906 3194 26 28 iſt
2946 3194 42 22 das
3002 3191 105 26 Erlebnis
3123 3193 38 21 der
3176 3190 87 29 Führer
3279 3188 38 24 der
3333 3186 139 29 Gegenwant.

2718 3257 31 24 4.
2770 3256 52 25 Der
2842 3256 111 22 Neubau
2974 3255 45 22 der
3039 3249 375 31 Reichsſchuldenverwaltung
3435 3247 23 23 in
3479 3246 23 25 B

2679 3292 55 22 wird
2754 3294 41 19 von
2816 3288 73 29 Friß
2908 3285 96 29 Stahl
3024 3286 22 22 in
3067 3284 59 24 einer
3147 3283 54 28 reich
3221 3285 45 21 und
3286 3283 38 28 gut
3344 3280 137 27 illuſtrierten

2679 3322 70 28 ſchrift
2770 3320 132 29 beſchrieben.
2934 3318 67 29 Stahl
3020 3317 119 28 beſchäftigt
3161 3315 36 29 fich
3219 3317 21 22 in
3262 3314 67 28 ſeiner
3349 3314 77 25 klaren,
3448 3312 52 27 ſachl

2679 3355 42 24 Art
2739 3356 39 23 mit
2798 3356 39 21 den
2855 3353 108 28 einzelnen
2982 3350 82 28 Phaſen
3083 3352 35 22 des
3136 3348 75 24 Baues
3230 3350 21 21 in
3269 3348 36 23 der
3325 3344 169 29 Oranienſtraße

2681 3389 77 21 kommt
2784 3392 25 23 zu
2837 3384 151 28 intereſſanten
3010 3381 114 29 Schlüſſen.
3164 3381 31 23 Er
3222 3380 94 23 erinnert
3336 3385 29 16 an
3386 3380 39 22 das
3444 3379 58 27 ehem

2681 3418 206 30 Militärgefängnis
2909 3416 117 28 Schinkels,
3042 3416 41 23 das
3104 3421 22 17 m
3147 3415 37 22 der
3206 3412 92 28 nächſten
3319 3412 66 28 Nähe,
3406 3410 45 24 E>c
3472 3410 30 24 Lit

2682 3456 42 21 und
2749 3450 162 30 Feilnerſtraße,
2935 3450 57 28 ſteht,
3017 3450 44 22 und
3085 3446 73 27 meint,
3183 3447 39 27 daß
3246 3447 36 22 der
3307 3443 133 29 ſüddeutſche
3466 3443 36 23 Ge!

2682 3484 212 28 Beſtelmeyer,
2914 3484 36 22 der
2972 3481 99 24 Erbauer
3091 3481 37 23 des
3147 3478 81 30 Hauſes
3247 3479 36 23 der
3299 3471 202 37 Reichsſchuldenve

2683 3520 58 27 tung,
2764 3517 36 28 ſich
2827 3520 42 19 von
2898 3516 47 23 dem
2967 3513 85 25 Genius
3074 3512 109 28 Schinkels
3207 3509 132 29 inſperierxen
3361 3508 48 27 ließ,
3440 3508 41 24 „Er

2683 3550 85 29 ſchreibt
2785 3549 54 30 Friß
2856 3547 77 28 Stahl,
2949 3549 53 24 „den
3019 3544 157 30 einheimiſchen
3192 3542 192 30 handgeſtrichenen
3402 3540 100 25 Backſleix

2683 3583 66 28 feiner
2776 3586 97 18 warmen
2899 3581 45 22 und
2970 3578 121 29 lebendigen
3118 3577 69 29 Farbe
3213 3576 92 28 gewählt
3331 3575 44 22 und
3402 3573 31 24 die
3458 3572 44 27 fkräf

2684 3616 81 29 Fugen,
2781 3615 33 23 die
2834 3620 26 22 zu
2881 3613 46 28 ihm
2947 3613 95 28 gehören.
3075 3611 30 24 Er
3126 3611 37 27 hat
3183 3610 56 23 keine
3258 3607 104 28 entlehnte
3383 3606 86 30 Faſſade
3490 3610 12 18 v

2684 3649 72 27 z'appt,
2773 3647 91 29 ſondern
2881 3647 26 27 fie
2922 3647 41 22 aus
2979 3646 39 22 den
3035 3642 148 29 Bedürfniſſen
3200 3644 43 22 und
3258 3640 154 29 Vedingungen
3428 3640 36 21 des
3481 3640 21 27 H

2684 3681 83 23 werden
2787 3679 69 28 laſſen.
2888 3678 30 24 Er
2937 3679 36 27 hat
2992 3677 42 23 mit
3052 3675 144 31 Formſteinen
3211 3674 43 23 aus
3272 3673 114 28 demſelben
3405 3671 97 23 Materis

2685 3713 100 28 ſchmüdt.
2815 3712 46 24 Und
2875 3717 24 18 er
2913 3712 37 28 hat
2964 3710 39 23 mit
3019 3709 123 29 ſteinernem
3158 3708 69 24 So>el
3242 3708 43 22 und
3299 3704 133 31 Holzgefimſe
3447 3704 33 23 die
3496 3704 6 22 *

2686 3745 78 30 kräftig
2793 3742 193 31 zuſammengefaßt
3017 3744 44 21 und
3091 3741 41 23 mit
3157 3740 87 27 Liſenen
3267 3741 48 22 und"
3330 3737 105 28 Riſaliten
3461 3738 33 27 ihr

2686 3779 130 28 Gliederung
2835 3777 97 28 gegeben.
2963 3775 31 24 Es
3014 3775 25 27 iſt
3058 3774 67 28 nichts
3143 3773 79 25 weiter,
3241 3772 35 23 als
3294 3770 47 24 was
3360 3771 24 22 es
3403 3769 44 28 ſein
3466 3768 36 28 ſol!

2687 3810 166 28 Bureaushaus,
2871 3810 44 23 und
2932 3812 22 21 es
2971 3806 151 29 repräſentiert
3139 3805 65 27 doch."
3233 3804 66 28 Stahl
3317 3802 99 29 beſpricht
3435 3802 31 24 die
3483 3800 18 24 E

2686 3843 71 29 heiten
2771 3845 38 22 des
2823 3843 72 24 Baues
2910 3842 44 22 und
2969 3840 53 30 ſagt,
3037 3840 43 28 daß
3095 3840 52 26 „alle
3161 3838 104 30 Wirkung
3279 3837 57 24 eines
3350 3835 82 29 Hauſes
3448 3840 38 19 vor

2687 3877 36 27 auf
2742 3878 36 21 der
2796 3875 135 28 Grundform
2949 3873 96 29 beruht“,
3064 3873 45 22 und
3128 3872 42 28 daß
3184 3869 141 29 Beſtelmeyer
3344 3867 84 30 hierfür
3446 3867 35 24 ein
3500 3872 2 16 '

2687 3909 45 23 und
2752 3907 179 30 ausgezeichnetes
2951 3905 91 29 Beiſpiel
3063 3904 88 30 gegeben
3169 3902 58 30 habe.
3261 3902 30 25 Er
3311 3901 72 28 rühmt
3403 3899 50 27 auch
3472 3900 30 24 die

2688 3939 161 30 ſammenarbeit
2868 3940 38 23 des
2931 3937 130 29 Architekten
3079 3937 41 23 mit
3139 3935 61 30 Hugo
3219 3935 143 25 Lederer,
3381 3933 46 24 dem
3444 3932 58 24 Bild!

2688 3976 34 23 der
2741 3976 39 22 den
2799 3973 97 28 Schmu
2914 3973 34 28 für
2967 3973 39 23 den
3023 3970 49 25 Bau
3091 3969 61 29 ſchuf,
3170 3970 43 23 und
3232 3968 67 23 nennt
3318 3960 80 45 dieſen
3415 3960 86 45 Schmuck

2688 4004 89 30 bildlich.
2814 4005 69 23 Ueber
2913 4004 34 24 die
2971 4002 192 30 Bauausführung
3187 3999 98 29 berichtet
3315 3999 23 25 in
3361 3997 65 29 dieſer
3451 3997 51 30 Feſt!

2689 4038 142 30 Regierungs»
2850 4038 45 22 und
2914 4037 85 25 Baurat
3017 4042 20 19 v.
3054 4034 134 26 Bandel,
3206 4033 51 25 über
3276 4032 34 25 die
3329 4031 173 29 „Baubenußung

2689 4069 321 30 Reichsſchuldenverwaltung“
3042 4067 191 29 Staatsfinanzrat
3264 4065 40 25 Dr.
3337 4063 165 30 Schulbenſ

2727 4112 25 24 X
2775 4112 42 22 Die
2836 4105 151 57 Vereistzäger
3008 4111 34 21 im
3063 4106 258 26 Schinkel-Wettvewerb
3342 4104 73 23 1925.
3448 4103 43 25 Auf

2691 4136 145 26 Schinkel-Feſt
2859 4136 36 21 des
2919 4134 132 22 Architekten-
3074 4133 44 22 und
3141 4131 202 28 Ingenieurvereins
3366 4135 25 19 zu
3414 4129 80 23 Berlin,

2692 4163 58 29 heute
2774 4161 107 25 (Freitag),
2908 4166 34 16 am
2967 4159 139 25 Geburtstage
3131 4159 36 21 des
3190 4156 86 26 arößten
3301 4156 96 22 Berliner
3421 4154 81 22 Baumc

2692 4193 28 16 im
2740 4186 128 25 Meiſterſaal
2888 4186 23 21 in
2932 4186 35 21 der
2987 4184 103 24 Köthener
3109 4183 78 24 Straße
3208 4181 119 25 ſtattfindet,
3347 4180 81 22 werden
3449 4180 31 22 die

2692 4213 67 21 träger
2784 4213 29 20 im
2837 4206 45 56 eil
2892 4206 15 56 gy
2920 4206 18 56 wr
2945 4211 31 25 gg
3000 4208 236 26 Schinkel-Wettbewerb
3261 4206 86 22 bekannt
3367 4201 27 55 ge
3443 4211 15 16 n
3482 4209 20 17 w

2692 4238 33 21 Auf
2753 4237 45 21 dem
2817 4236 61 22 Gebiet
2908 4236 36 21 des
2963 4234 119 25 Hochbaues
3110 4233 123 25 (Errichtung
3252 4233 57 21 eines
3329 4229 109 26 Landſites
3458 4231 38 24 auf

2692 4261 70 50 Zuſe)
2781 4263 36 23 hat
2837 4260 245 26 Regierungsbauführer
3122 4259 51 24 Alfred
3193 4258 88 23 Rowald
3301 4258 23 21 in
3345 4257 73 22 Berlin
3440 4257 34 22 W.

2732 4287 151 25 inkel-Plakette
2900 4286 99 22 erhalten.
3031 4286 38 24 Im
3086 4284 159 24 Eifenbahnbau
3271 4282 98 25 (Entwurf
3386 4288 24 20 zu
3429 4282 55 22 einer

2915 4311 51 23 über
2978 4312 32 22 die
3023 4302 56 31 Öder)
3099 4310 24 25 iſt
3136 4309 34 23 der
3182 4309 72 22 Arbeit
3291 4309 11 21 des
3314 4307 188 26 Regierungsbauf

2693 4338 95 24 Gerhard
2810 4337 74 23 Weiler
2909 4338 22 22 in
2955 4330 85 57 Liegniß
3061 4335 13 23 die
3116 4334 89 26 Makette
3228 4334 44 22 und
3294 4335 35 20 der
3351 4333 151 24 Schinkel-Prei

2694 4363 86 23 erkannt
2804 4363 91 22 worden.
2931 4362 58 24 Dieſe
3035 4360 77 23 Arbeiten
3138 4359 44 25 ſind
3206 4359 50 26 auß
3280 4363 48 18 vom
3373 4358 109 24 Techniſchen

2735 4389 34 23 ia
2789 4384 55 55 pwer'g
2866 4388 116 22 anerkannt
3005 4386 91 23 worden.
3130 4385 43 23 Avf
3195 4386 45 21 dem
3263 4385 71 23 Gebiet
3369 4385 36 21 des

2699 4406 144 39 Seitenkanal
2857 4419 34 20 zur
2911 4406 54 39 Oder
2976 4406 38 39 bei
3025 4406 93 39 Croſſen)
3211 4405 38 38 die
3328 4409 126 24 kel-Plakette

2694 4441 31 21 die
2743 4438 233 27 Regierungsbaufüher
2994 4436 110 25 Bernhard
3148 4437 103 24 Mühlmann

2699 4516 44 23 und
2759 4516 33 23 die
2807 4514 92 27 Technik.

2733 4318 15 17 n
2761 4313 54 23 nebſt
