3517 5000
0 1427 3 11 |

0 2080 18 47 [ZE
0 2006 18 66 ZTERURMWE8
0 1900 10 105 ZTEü3ZAM

0 2415 21 333 Sili*e1*"ZSIGel
0 2409 27 41 a!
0 2290 16 109 Pi
0 2286 27 23 €

0 2775 23 87 el*fal

167 477 54 33 54.
244 473 170 43 Jahrgang

184 558 1052 322 Berliner

940 909 181 76 und
1163 899 806 83 Handels-Zeitung

319 909 52 35 Nr.
390 912 74 32 123

111 967 167 25 Chef:Redakteur
327 970 108 21 Theodor
455 968 93 23 Wolfi
573 968 22 23 in
615 968 78 24 Berlin.

1172 456 199 67 Abend

2341 436 266 42 Einzel-Nummer
2619 438 47 34 10
2675 432 142 42 Pfennig.

1966 474 843 454 geblatt

2187 947 65 23 Dru>
2267 949 42 20 und
2322 947 75 23 Verlaa
2411 950 41 17 von
2496 942 86 24 Rudo!?f
2596 940 95 23 Moſe
2705 941 22 20 in
2743 938 80 24 Berlin,

183 1109 332 169 Nach
583 1104 204 152 der
848 1103 747 173 Aufſlellung
1663 1092 206 152 der
1931 1078 804 161 Kandidaien.

1214 1333 706 128 Streſemanns
1982 1313 655 137 Doppelſpiel.
2699 1317 2 2 -

197 1340 400 75 Staafspyräfident
623 1340 228 74 Hellpach.

139 1433 58 33 Dor
220 1437 234 37 demokratiſche
475 1435 432 37 Präſidentſchaftskandidat.

504 1494 42 20 Von
619 1498 7 10 .

395 1530 45 24 Dr.
457 1529 85 25 Ernst
559 1529 96 24 Feder.

128 1581 48 28 Die
190 1581 194 38 Demokratiſche
398 1581 87 36 Partei
502 1581 55 32 geht
572 1580 47 27 mit
634 1580 112 27 blankem
760 1579 100 32 Schilde
875 1579 27 26 in
917 1580 46 25 den

86 1616 154 38 Wahlkampf
265 1623 44 18 um
335 1617 38 24 die
398 1613 297 33 Reichspräfidentſchaft,
720 1614 41 26 der
788 1613 38 32 ihr
853 1613 110 26 niemals

85 1649 150 39 Parteiſache
249 1649 107 32 geweſen
373 1648 35 32 iſt.
439 1648 57 26 Seit
512 1648 126 25 Monaten
654 1647 66 31 hatte
737 1647 37 31 ſie,
790 1646 34 26 im
841 1646 123 31 Einklang

86 1684 49 37 mit
165 1685 54 24 dem
241 1682 363 31 Reichspräſidenten
628 1681 112 28 Ebert,
770 1681 54 26 eine
855 1678 108 33 republi-

86 1716 101 32 kaniſche
206 1716 270 38 Einheitskandidatur
497 1715 138 32 angeſtrebt
662 1729 31 4 =-
713 1714 194 31 Bemühungen,
928 1713 38 25 die

86 1751 68 30 durch
171 1751 45 25 den
233 1750 90 31 frühen
340 1750 55 26 Tod
412 1749 89 26 Ebert3
518 1750 52 24 und
588 1748 37 26 die
641 1747 116 32 verfehlte
775 1746 188 27 Sonderkandi-

86 1785 72 24 datur
175 1783 92 27 Braun
286 1783 111 26 vereitelt
416 1784 101 24 worden
537 1781 58 31 ſind.
615 1781 46 26 Sie
678 1781 44 31 hat
740 1782 69 24 dann
828 1780 73 31 durc)
919 1780 46 25 den

86 1816 131 39 bekannten
233 1816 71 31 Brief
319 1823 34 18 an
370 1815 37 26 die
423 1814 175 32 Parteiführer
616 1816 51 23 und
684 1815 46 25 den
746 1813 135 32 Vorſchlag
897 1813 67 25 einer

86 1845 157 47 Kandidatur
262 1849 54 26 Dr.
337 1848 150 27 Simons
508 1848 128 30 nochmal3
656 1848 46 25 den
723 1847 104 30 Verſuch
848 1845 117 33 gemacht,

86 1886 33 35 die
138 1878 76 40 Wahl
248 1882 61 38 über
344 1883 48 24 das
410 1882 99 25 Niveau
536 1880 218 32 parteipolitiſcher
774 1879 191 26 Auseinander-

87 1918 119 37 ſeßhungen
230 1915 206 32 hinauszuheben.
485 1914 82 30 Durch
592 1913 79 30 dieſen
696 1912 95 30 Schritt
815 1913 88 25 wurde
908 1907 6 42 -
927 1911 38 26 die

87 1950 114 31 Stellung
218 1950 42 25 der
276 1947 203 32 Rechtsparteien
495 1947 143 32 aufgerollt.
670 1946 47 26 Die
763 1945 202 26 Kandidatur

87 1983 136 30 Jarres,
244 1981 127 31 angeblich
394 1982 41 25 der
458 1980 137 31 einmütige
618 1980 73 26 Wille
714 1980 42 25 der
779 1978 36 26 im
837 1977 129 32 Ausſchuß

88 2018 37 23 des
141 2015 81 37 Herrn
236 2020 23 20 v.
273 2015 96 26 Loebell
384 2014 154 31 vereinigten
553 2013 89 28 Kreiſe,
657 2013 26 25 in
700 2012 131 31 Wahrheit
847 2011 41 27 ein
904 2011 61 26 Ver-

88 2048 244 32 legenheit3produkt,
355 2049 87 24 wurde
466 2046 174 32 zurückgeſtellt
665 2046 51 24 und
741 2044 38 27 die
802 2044 163 26 Kandidatur

88 2084 38 35 des
139 2081 237 26 Demokraten
391 2079 54 27 Dr.
460 2079 107 31 Geßler
603 2079 52 25 trat
670 2078 27 26 in
712 2079 45 25 den
772 2073 193 41 Vordergrund.

88 2116 42 26 Die
148 2113 256 39 Deutſchnationalen
424 2119 86 19 waren
530 2112 83 27 bereit,
634 2112 41 31 für
696 2112 45 24 den
762 2109 203 31 demofratiſchen

87 2148 156 26 Kandidaten
262 2154 28 25 zu
311 2146 120 32 ſtimmen.
451 2145 47 27 Die
517 2145 116 31 Deutſche
652 2143 160 32 Volkspartei
833 2143 91 28 wollte,
944 2142 24 31 ſo

89 2182 60 36 ſagte
164 2182 41 25 der
219 2179 119 32 Beſchluß
351 2180 42 24 der
406 2178 265 32 Reichstagsfraktion,
685 2177 41 32 für
740 2178 46 24 den
800 2176 168 27 Demokraten

88 2214 84 31 Geßler
194 2215 47 24 den
263 2211 198 32 Volksparteiler
483 2211 95 31 Jarres
600 2211 75 31 fallen
698 2210 83 31 laſſen.
820 2209 82 31 Selbſt
924 2210 42 24 der

89 2246 176 33 Jungdeutſche
282 2246 96 28 Orden,
395 2246 45 25 den
459 2245 34 25 im
510 2243 128 30 Ausſchuß
655 2242 117 34 Freiherr
789 2248 22 20 v.
829 2242 67 31 Gayl
913 2246 53 21 ver-

89 2281 55 29 trat,
177 2280 105 32 ſtimmte
318 2280 41 25 der
378 2277 163 27 Kandidatur
561 2276 90 31 Geßler
683 2283 36 25 zu.
754 2275 124 32 Zentrum
914 2275 52 24 und

88 2313 162 27 Demofraten
284 2318 87 20 waren
405 2310 83 26 bereit.
531 2310 42 26 Da
591 2310 98 31 begann
708 2309 48 25 das
775 2307 192 33 Intrigenſpiel.

89 2348 76 37 Herrn
179 2345 210 31 Streſemann
429 2350 55 19 war
498 2343 45 26 Dr.
557 2343 90 30 Geßler
662 2342 62 32 nicht
738 2342 111 36 genehm.
871 2340 95 26 Natür-

89 2380 38 31 fic)
141 2379 63 32 nicht
217 2381 50 23 aus
281 2377 174 32 perſönlichen,
468 2383 50 19 nur
531 2378 51 23 aus
594 2373 227 34 auß2mnpolitiſchen
834 2374 132 26 Gründen.

89 2413 35 26 So
143 2412 75 33 ergab
238 2411 57 36 ſich
304 2410 39 37 die
347 2409 111 60 Young
477 2408 146 29 Situation,
656 2407 50 32 daß
724 2407 42 26 der
783 2405 185 37 Reichskanzler

91 2445 40 38 Tr.
148 2444 145 38 Luther,
310 2444 37 25 deni
382 2443 58 30 doch
458 2441 60 32 auch
534 2441 39 27 die
590 2440 107 32 deutſche
713 2438 178 33 Außenpolitik
906 2437 65 32 nicht

90 2476 151 34 gleichgültig
262 2476 36 32 iſt,
318 2475 87 31 ebenſo
427 2473 123 34 beſtimmt
571 2474 41 32 für
634 2472 39 28 die
693 2472 163 28 Kandidatur
878 2470 90 32 Geßler

91 2512 96 27 eintrat,
198 2510 47 27 wie
258 2509 40 33 ihr
317 2502 46 45 der
365 2507 203 36 Außenminiſter
581 2508 45 25 Dt.
639 2506 167 30 Streſemann
818 2504 150 31 entſchieden

90 2544 168 32 widerſtrebte.
294 2542 55 27 Und
370 2542 73 26 wenn
464 2542 70 25 dann
556 2538 128 33 ſchließlich
704 2536 184 31 Streſemanns
908 2537 62 26 Ver-

92 2578 101 28 trauter,
213 2576 62 32 Herr
296 2575 125 31 Kempkes,
435 2575 44 25 die
499 2573 162 27 Kandidatur
682 2571 91 30 Geßler
793 2569 107 32 dadurch
922 2576 48 25 zer-

93 2611 94 32 jchlug,
189 2601 10 46 |
207 2609 63 31 daß“
290 2616 26 19 er
333 2601 9 46 "
351 2607 47 26 mit
426 2608 60 25 -dem
506 2606 95 30 Grafen
621 2605 113 31 Weſtarp
765 2598 205 41 achtunödreißig

93 2644 114 25 Minuten
226 2642 61 32 lang
306 2641 92 28 beriet,
410 2641 30 25 ob
459 2641 55 25 dem
534 2640 122 31 Zentrum
675 2638 38 25 die
733 2637 111 26 erbetene
863 2636 107 26 Bedenk-

94 2677 46 30 friſt
156 2681 49 21 von
224 2675 84 32 ſechzig
324 2674 121 26 Minuten
462 2680 28 25 zu
507 2672 133 33 gewähren
657 2671 39 33 ſei,
713 2672 69 25 dann
800 2670 111 31 ſchwand
928 2671 43 24 der

95 2711 55 32 leßte
166 2708 111 34 Zweifel:
295 2710 48 25 das
360 2712 55 21 war
432 2707 69 26 Tells
518 2705 115 33 Geſchoß!

244 2767 8 10 »
451 2761 6 5 "
514 2751 31 35 EI

132 2797 65 47 Auch
213 2801 57 33 jekt,
285 2800 33 26 da
333 2799 39 27 die
387 2797 194 32 Demokratiſche
596 2796 87 31 Partei
700 2796 40 31 ſich
757 2802 43 25 zur
815 2794 158 31 Aufſtellung

96 2835 61 26 eines
174 2842 21 19 eigenen
227 2833 218 35 Kandidaten
462 2830 134 31 veranlaßt
613 2830 50 31 ſah,
677 2829 39 31 hat
733 2829 30 31 ſie
781 2827 126 31 bewieſen,
924 2825 50 32 daß

97 2869 32 31 ihr
142 2868 38 27 die
188 2838 177 65 Präſidenten
384 2866 44 31 ahl
441 2864 63 32 nicht
517 2863 153 32 Parteiſache
684 2862 35 32 iſt.
750 2862 85 30 Dafür
849 2862 70 31 zeugt
933 2859 38 26 die

96 2900 178 33 Perſönlichkeit
291 2901 44 25 des
385 2900 90 26 Mannes,
492 2898 47 25 den
555 2897 29 29 fie
602 2897 41 24 als
661 2896 71 31 ihren
750 2893 165 32 Vorkämpfer
933 2893 39 25 be-

96 2935 67 30 rufen
178 2934 51 31 hat.
259 2933 52 27 Der
325 2931 109 32 badiſche
448 2929 222 32 Staätspräſident
698 2928 64 32 Hell
771 2927 81 31 pah,
868 2928 42 24 der
925 2925 47 26 mit

96 2967 95 31 Geſchi>
211 2968 52 24 und
282 2964 103 32 Umſicht
413 2963 37 27 die
470 2962 106 32 Leitung
609 2961 69 26 eines
698 2960 128 32 wichtigen
847 2958 124 32 deutſchen

97 3000 91 26 Landes
205 2999 78 32 führt,
301 2998 28 30 iſt
346 2997 63 32 kraft
428 2997 77 30 ſeiner
523 2994 213 34 ausgleichenden,
754 2993 66 31 jeder
837 2990 136 34 Dogmatik

97 3033 164 32 abgeneigten,
275 3031 117 33 poſitiver
408 3029 118 32 Leiſtung,
539 3028 186 33 zugewandten,
740 3031 50 21 von
807 3025 165 30 univerſellen

99 3066 130 32 Intereſſen
247 3065 116 31 erfüllten
381 3062 186 33 Perſönlichkeit
585 3064 41 24 der
643 3060 75 31 rechte
735 3053 85 41 Mann.
836 3058 44 32 für
898 3057 77 29 dieſe3

98 3101 59 26 Amt.
186 3099 119 32 Wilhelm
320 3096 121 33 Hellpach,
456 3098 41 24 der
512 3095 67 26 einer
594 3093 142 32 ſchleſiſchen
750 3090 223 32 Beamtenfamilie

98 3134 143 29 entſtammt,
255 3132 91 25 fommt
360 3132 50 24 aus
425 3130 54 25 dem
492 3128 129 32 ärztlichen
635 3126 86 30 Beruf.
742 3119 9 48 .
751 3125 53 32 Für
819 3124 44 32 ihn
878 3123 95 31 <arak-

99 3166 103 32 teriſtiſch
219 3165 28 30 iſt
262 3167 35 26 e8,
312 3164 46 26 wie
374 3170 25 20 er
416 3170 27 25 zu
460 3162 89 28 dieſem
565 3159 93 32 Berufe
672 3159 122 32 gelangte.
810 3157 53 27 Der
879 3156 96 27 Sekun-

99 3203 70 23 daner
183 3200 42 25 las
241 3198 26 26 in
282 3199 46 25 den
345 3202 133 26 neunziger
496 3195 98 32 Jahren
611 3193 52 31 jene
679 3192 147 30 berühmten
843 3189 130 33 ärztlichen

100 3231 194 33 Streitſchriften,
329 3229 38 26 die
401 3228 42 32 ſich
475 3235 34 19 an
545 3229 44 23 den
624 3226 54 26 Tod
713 3224 85 32 Kaiſer
833 3221 141 34 Friedrichs

99 3266 117 31 tnüpften,
240 3265 62 25 "und
335 3262 77 31 dieſes
446 3260 106 32 Geflecht
586 3265 48 20 von
669 3257 137 33 ärztlichen,
841 3254 133 33 'allgemein

100 3298 162 33 menſchlichen
291 3297 52 25 und
373 3295 140 32 politiſchen
543 3293 173 32 Beziehungen
745 3290 84 25 wirkte
857 3289 46 29 auf
932 3289 45 25 den

101 3339 85 25 jungen
204 3330 130 31 Menſchen
368 3329 25 32 ſo
417 3327 78 31 ſtark,
529 3326 49 29 daß
610 3332 25 19 er
653 3325 42 30 ſich
714 3331 55 25 zum
787 3322 127 27 Studium
933 3322 41 24 der

100 3365 102 33 Medizin
248 3362 128 32 entſchloß.
431 3360 55 33 Ihn
532 3359 71 32 reizte
648 3359 48 24 das
734 3356 154 31 Verlangen,
928 3355 47 24 das

100 3399 73 28 Clücf,
186 3396 115 34 praktiſch
316 3403 27 25 zu
358 3395 99 25 wirken,
471 3393 97 29 helfend
582 3390 173 33 einzugreifen.
785 3388 57 27 Das
857 3386 118 31 Seeliſche

102 3439 34 23 zog
154 3432 42 31 ihn
212 3438 42 18 an.
286 3429 47 26 Die
350 3427 229 31 Nervenheilkunde
594 3425 85 25 wurde
697 3423 49 31 ſein
763 3420 163 32 Sonderfach.
937 3419 38 32 In

102 3465 135 31 veidelberg
251 3469 55 20 war
319 3468 26 20 er
358 3461 114 30 Aſſiſtent
486 3459 36 26 bei
536 3457 129 31 Kräpelin,
678 3456 27 25 in
720 3455 89 26 Berlin
823 3454 38 25 bei
875 3454 101 35 Oppen-

103 3498 63 26 heim.
202 3497 47 37 Jm
269 3494 140 58 FIIIIEN
430 3493 60 31 ging
510 3499 25 19 er
555 3490 63 32 nicht
638 3489 53 30 auf.
728 3488 69 32 Frith
818 3488 99 34 begann
938 3487 38 23 die

103 3530 161 32 publiziſtiſche
282 3526 130 33 Tätigkeit.
447 3525 96 27 Seinen
561 3524 77 31 erſten
656 3521 92 27 Artikel
765 3518 212 32 veröffentlichten

103 3566 30 23 dis
153 3561 184 33 „Grenzbotein“
358 3560 74 26 unter
452 3560 54 24 dem
525 3557 152 26 Decknamen
696 3554 71 30 Ernſt
786 3553 126 35 Güſtrow,
931 3553 46 23 den

103 3605 18 17 er
138 3598 37 25 bis
191 3603 54 26 zum
260 3595 202 29 Staatsexamen
478 3590 135 32 beibehielt.
645 3589 39 25 An
702 3588 45 25 den
765 3583 211 38 „Sozialiſtiſchen

103 3628 200 33 Nonatöheften“
320 3626 117 27 arbeitete
453 3631 25 20 er
495 3624 53 28 mit,
565 3622 62 31 nicht
643 3620 56 27 weil
715 3627 25 18 er
757 3619 41 31 ſich:
815 3625 56 25 zum
888 3617 89 32 Sozia-

104 3666 86 23 (intus
209 3662 126 27 bekannte,
353 3659 107 32 ſondern
478 3657 57 25 weil
553 3657 43 30 ihn
615 3655 39 26 ein
674 3653 88 32 ſtarkes
782 3651 103 33 ſoziales
904 3650 74 30 Emp-

104 3697 76 26 finden
197 3694 145 32 beherrſchte
357 3694 53 24 und
425 3691 37 26 die
469 3689 180 31 Verknüpfung
663 3685 167 34 theoretiſcher
837 3683 141 32 Forſchung

105 3731 37 24 mit
158 3728 141 33 praktiſcher
313 3726 169 29 Anwendung
498 3724 26 25 in
539 3722 79 32 jenem
634 3721 89 29 Organ
738 3724 86 25 anzog.
856 3716 47 38 Die
918 3716 60 26 Ber-

106 3765 106 30 bindung
230 3762 87 25 wurde
353 3758 82 33 gelöſt,
472 3758 41 24 als
550 3757 41 24 der
621 3754 141 26 Dres8dener
783 3750 133 32 Parteitag
937 3750 42 24 der

106 3793 232 31 Sozialdemokratie
372 3788 228 33 nichtſozialiſtiſche
634 3784 160 28 Mitarbeiter
828 3788 51 20 von
913 3777 67 45 allen

106 3830 114 29 Orgnnen
236 3825 130 33 ausſhloß
405 3823 91 27 Starke
511 3823 169 30 Anregungen
697 3817 110 32 empfing
824 3815 113 32 Hellpach
953 3821 26 18 in

106 3863 88 25 Berlin.
244 3861 47 25 Als
339 3856 154 31 Nervenarzt
541 3854 26 26 in
608 3851 142 31 Karlsruhe
800 3854 106 33 gewann
957 3853 25 19 er

107 3897 50 23 bald
200 3895 144 26 Vertrauen
390 3891 51 25 und
484 3888 119 31 Anſehen.
655 3885 83 27 Neben
781 3884 39 24 die
856 3875 126 48 praktiſche

109 3928 112 32 Tät.3keit
276 3927 51 26 trat
378 3923 39 27 die
466 3918 223 34 wiſſenſchaftlihe.
744 3916 33 27 Er
831 3909 153 41 habilitierte

108 3961 35 31 ſich
165 3969 33 19 an
237 3963 42 24 der
309 3957 156 33 Techniſchen
495 3953 141 33 Hochſchule
664 3956 50 21 von
743 3947 150 38 Karlsruhe,
932 3946 52 25 und

107 3995 36 25 für
164 3997 44 24 den
230 3992 214 33 ausgezeichneten
467 3987 121 34 Forſcher,
625 3985 88 31 Lehrer
735 3984 51 24 und
800 3980 181 40 "Schriftſteller

107 4030 80 24 wurde
204 4027 54 27 eine
274 4025 129 31 Profeſſur
421 4023 42 29 für
480 4019 166 33 angewandte
662 4016 158 31 Pſychologie
837 4012 145 39 begründet.

107 4060 109 32 Politiſch
230 4062 52 24 und
297 4057 73 33 ſozial
384 4055 117 27 bekannte
513 4060 26 19 er
553 4052 41 30 ſich
608 4058 28 25 zu
649 4051 46 25 den
710 4049 79 32 Jdeen
833 4044 149 39 Friedrich

108 4094 212 25 Raumanns8,
358 4091 43 25 des
433 4088 112 30 ſpäteren
569 4084 113 32 Führers
705 4083 42 25 der
770 4073 213 48 Demokratiſchen

108 4127 89 27 Partei,
227 4126 56 26 'Nur
300 4124 78 31 deſſen
394 4122 120 30 Stellung
529 4125 55 25 zum
599 4116 86 29 Kaifer
702 4113 91 31 machte
808 4119 25 19 er
850 4111 63 39 nicht
930 4111 53 25 mit.

109 4159 137 32 Frühzeitig
264 4158 118 26 erkannte
400 4157 40 24 der
460 4154 67 30 kluge
545 4150 160 38 Nervenarzt,
723 4146 49 30 daß
789 4144 135 38 angeſichts
943 4144 41 24 der

109 4191 179 32 Perſönlichkeit
314 4190 134 30 Wilhelms
475 4186 28 25 11.
529 4186 37 24 die
590 4182 110 31 Medizin
726 4178 173 31 „Demokratie
911 4171 11 42 -
933 4176 51 25 und

108 4226 152 25 Kaiſertum"
278 4224 62 27 nicht
356 4222 79 32 helfen
452 4220 83 25 könne.
820 4245 5 5 ;
924 4243 21 8 ir

151 4260 46 26 Al3
218 4261 42 24 der
280 4257 75 32 Krieg
377 4254 131 27 ausbrach,
528 4248 198 34 währenddeſſen
749 4254 25 19 er
796 4246 104 37 leitende
922 4238 66 40 Stel-

111 4293 91 31 lungen
214 4294 25 25 in
253 4289 236 31 Nervenlazaretten
504 4284 131 27 bekleidete,
650 4281 115 27 erfannie
779 4285 25 20 er
819 4278 108 38 ſogleich,
942 4275 47 29 daß

111 4326 49 26 dies
177 4325 117 27 Erlebnis
311 4323 60 30 auch
391 4329 26 24 zu
436 4319 137 32 politiſchen
592 4315 215 29 Veränderungen
826 4319 27 18 in
871 4312 54 25 dem
944 4316 45 19 un-

113 4358 98 31 fertigen
236 4358 79 26 Staat
341 4355 89 31 führen
456 4352 81 28 müſſe.
577 4349 63 31 Nach
666 4349 41 36 der
731 4343 259 39 Staatsumwälzung

113 4390 71 31 jhloß
206 4399 26 20 er
256 4391 41 31 fich
320 4389 76 31 ſofort
421 4390 40 23 der
486 4380 298 36 Demokratiſchen
802 4377 131 39 Partei
957 4381 32 19 an

113 4427 48 22 und
181 4424 82 26 wirkte
284 4422 73 32 eifrig
378 4422 26 25 in
426 4420 66 30 ihrer
514 4416 123 30 badiſchen
660 4408 191 48 Organiſation.
888 4410 40 37 An
950 4410 40 24 der

115 4456 41 25 Hy,
167 4458 83 31 ſchule
270 4456 58 31 hielt
347 4463 25 18 er
392 4455 134 28 Uebungen
546 4450 58 26 über
626 4446 118 34 politiſche
763 4445 158 31 Pſychologie
941 4441 51 27 und

114 4489 140 43 Pädagogik
274 4490 41 27 ab,
337 4496 44 19 um
404 4486 37 27 die
462 4483 158 32 akademiſche
641 4480 113 38 Jugend.
766 4479 53 36 aus
837 4478 55 38 dem
915 4475 75 27 Bann

117 4523 41 27 des
169 4493 190 68 Shlagwortes
375 4527 29 27 zu
419 4518 67 34 löſen
503 4519 52 26 und
573 4516 25 30 in
616 4515 38 32 ihr
670 4512 168 32 Verſtändnis
855 4510 42 31 für
913 4507 79 28 Staat

1120 1511 198 54 Zentrum
1340 1506 84 45 und
1445 1500 348 56 Rechtsparteien.

1113 1581 64 31 „Ein
1193 1576 199 36 Muſterbeiſpiel
1409 1575 137 34 politiſcher
1564 1571 237 34 Hinterhältigkeit.“

1063 1627 44 40 Die
1123 1631 56 27 DUB
1204 1629 39 58 NG
1272 1627 66 26 IE
1353 1625 79 31 Preſſe
1449 1623 104 37 bemüht
1564 1622 47 31 ſich,
1629 1622 24 25 in
1669 1619 129 32 ſchärfſtem
1814 1616 87 38 Kampf

1017 1664 43 26 mit
1085 1665 40 24 der
1148 1661 143 33 hiſtoriſchen
1315 1657 133 33 Wahrheit,
1471 1658 35 24 die
1531 1655 87 30 Schuld
1642 1662 32 29 an
1698 1655 50 25 dem
1773 1652 125 36 negativen

1016 1697 120 31 Ausgang
1159 1698 40 23 der
1223 1692 205 32 Verhandlungen
1453 1690 58 25 über
1536 1689 50 26 eine
1608 1684 291 38 Präſidentſchaftstandi-

1017 1730 72 26 datur
1112 1728 87 30 Geßlex
1223 1727 53 24 dem
1299 1725 118 31 Zentrum
1442 1720 163 37 zuzuſchieben.
1651 1718 80 26 Dabei
1754 1718 26 30 iſt
1804 1720 25 22 es
1852 1722 47 20 von

1017 1761 122 32 Intereſſe,
1162 1760 48 30 daß
1231 1758 36 27 die
1291 1756 122 30 „Deutſche
1435 1753 190 32 Tageszeitung“
1649 1753 56 29 nach
1726 1751 44 25 wie
1791 1750 43 24 vör
1857 1750 42 24 den

1017 1794 159 27 Demokraten
1209 1794 50 24 und
1281 1789 175 32 Republikaner
1480 1779 88 37 Geßler
1598 1785 40 37 als
1670 1782 137 37 „durchaus
1834 1782 66 37 mög-

1018 1828 54 29 lich“
1092 1826 130 32 bezeichnet,
1238 1824 114 30 während
1371 1821 35 26 die
1425 1819 127 31 „Deutſche
1568 1817 117 37 Zeitung“
1704 1817 40 30 ihn
1762 1814 138 38 gleichzeitig

1017 1860 51 28 eine
1087 1857 228 31 „außerordentliche
1333 1854 105 31 Gefahr“
1457 1853 83 25 nennt.
1572 1851 53 26 Und
1644 1857 25 29 in
1686 1848 215 36 Beſtätigung
1859 1844 45 48 der

1017 1892 125 31 Nachricht,
1165 1891 47 30 daß
1232 1895 47 21 von
1299 1886 120 31 völkiſcher
1441 1884 68 27 Seite
1530 1883 85 26 bereits
1636 1888 49 25 eine
1707 1883 135 28 parteiv
1853 1879 48 24 dl-

1018 1925 96 30 kiſc<e
1145 1918 360 31 Sonderkandidatur
1536 1916 97 31 geplant
1658 1920 59 30 war,
1742 1913 91 31 ſchreibt
1856 1912 45 24 das

1018 1958 76 29 Blatt,
1112 1957 47 28 daß
1177 1956 35 26 die
1228 1952 202 29 vaterländiſchen
1449 1950 131 26 Verbände
1599 1948 65 37 ichon
1682 1948 36 24 die
1739 1946 86 36 Parole
1843 1945 59 36 aus-

1018 1992 100 29 gegeben
1141 1989 92 31 hatten:
1257 1986 86 29 „Keine
1367 1985 107 27 Stimme
1497 1983 39 29 für
1561 1981 112 36 Geßler!“
1720 1982 83 28 Hierin
1827 1978 75 28 dürfte

1018 2024 62 26 denn
1101 2023 57 30 auch
1180 2021 63 26 einer
1265 2021 40 25 der
1327 2018 88 27 Gründe
1448 2017 40 28 für
1511 2017 44 33 das
1577 2013 150 26 Ultimatum
1747 2013 42 23 des
1811 2010 91 26 Grafen

1019 2056 109 29 Weſtarp
1149 2061 32 19 an
1204 2051 147 34 Fehrenbach
1374 2056 28 27 zu
1436 2048 70 30 ſuchen
1531 2048 53 35 ſein.
1628 2045 53 26 Den
1705 2043 129 38 Ausſchlag
1857 2042 45 34 gab

1019 2088 58 25 aber
1097 2088 45 24 das
1162 2083 183 35 Jntrigenſpiel,
1366 2083 46 25 das
1431 2082 60 26 Herr
1511 2079 164 36 Streſemann
1694 2076 78 31 hinter
1792 2077 42 24 den
1855 2076 47 33 Ku-

1020 2120 66 29 lifſen
1108 2119 68 29 trieb,
1200 2120 48 24 und
1272 2119 47 24 das
1342 2116 35 27 die
1401 2112 221 36 „Germania“
1649 2110 66 31 heute
1739 2115 97 25 morgen
1860 2107 44 24 mit

1020 2154 58 26 aller
1101 2149 152 32 Deutlichkeit
1278 2146 212 34 folgendermaßen
1515 2143 164 33 kennzeichnet:

1088 2192 63 25 „Von
1176 2191 37 21 der
1238 2187 169 27 Deutſchen
1439 2182 215 29 Volkspartei
1686 2181 74 26 wußte
1784 2186 52 16 man
1861 2183 43 18 von

1045 2220 143 26 vornherein,
1207 2218 42 27 daß
1268 2217 54 29 zwei
1343 2217 157 24 Strömungen
1520 2213 129 26 vorhanden
1671 2216 83 19 waren,
1774 2214 43 18 von
1836 2210 69 21 denen

1046 2251 34 23 die
1099 2250 46 23 eine
1165 2248 82 27 Geßler
1267 2247 66 22 unter
1352 2245 74 23 keinen
1446 2243 133 23 Umſtänden
1600 2241 80 23 wollte.
1714 2239 63 26 Dieſe
1797 2238 109 26 Richtung

1046 2281 38 27 hat
1104 2279 36 28 ſich
1160 2276 144 29 durchgeſeßt,
1325 2275 41 22 wie
1386 2275 42 21 das
1448 2275 44 20 aus
1512 2273 47 21 dem
1580 2270 117 27 Beſchluſſe
1717 2270 38 21 des
1775 2267 130 28 Reich2aus-

1047 2308 86 28 ſchuſſes
1151 2308 38 22 der
1208 2305 118 27 Deutſchen
1345 2301 145 29 Volkspartei
1509 2302 47 22 klar
1575 2301 81 26 hervor
1677 2299 55 28 geht.
1766 2298 57 24 Das
1843 2297 62 23 Ver-

1019 2365 3 4 .
1046 2339 90 25 halten
1158 2338 44 21 der
1222 2334 138 27 Deutſchen
1381 2330 173 28 Volkspartei
1574 2330 30 26 iſt
1625 2328 95 24 wieder
1741 2327 99 23 einmal
1862 2325 43 24 ein

1047 2364 210 30 Muſterbeiſpiel
1271 2362 147 29 politiſcher
1432 2358 245 31 Hinterhältigkeit.
1693 2357 42 23 Die
1749 2355 157 29 Fraktion

1047 2395 77 28 ſpricht
1149 2393 37 29 ſim
1209 2393 91 26 beinahe
1322 2391 41 23 mit
1387 2388 178 29 Geſchloſſenheit
1591 2388 36 22 für
1652 2386 117 25 Geßler
1793 2387 49 21 aus,
1866 2385 37 21 der

1022 2419 408 31 "“PKeichabärteiaus8ſhuß
1454 2418 112 23 derſelben
1580 2416 80 27 Partei
1676 2415 41 25 mit
1734 2414 51 28 noch
1801 2413 106 28 größerer

1040 2451 192 30 „Entſchiedenheit
1244 2450 38 28 für
1302 2449 129 27 Jarres.
1458 2446 48 29 Für
1519 2445 42 24 älle
1571 2443 64 31 Fälle
1649 2450 49 17 war
1710 2443 48 27 alſo
1770 2442 138 28 vorgeſorgt.

1048 2484 41 28 Im
1128 2464 192 49 oebell-Ausſchuß
1344 2478 50 27 nach
1418 2477 61 22 einer
1503 2476 76 22 klaren
1603 2471 186 31 Jnterpretation
1813 2472 95 27 gefragt,

1049 2511 160 29 verweigerten
1230 2508 34 24 die-
1286 2508 116 28 Vertreter
1425 2507 37 21 der
1486 2504 118 27 Deutſchen
1628 2501 144 28 Voltfspartei
1794 2500 33 23 die
1850 2500 58 23 Aus-

1048 2540 67 26 kunft,
1131 2539 132 27 verlangten
1279 2536 53 23 aber
1348 2540 51 18 vom
1415 2534 117 28 Zentrum,
1549 2533 42 26 daß
1607 2534 24 20 es
1648 2532 37 27 ſid)
1701 2531 68 28 ſofort
1786 2525 121 37 entſcheide.

1048 2570 61 28 Nicht
1130 2569 47 23 eine
1197 2567 84 29 einzige
1301 2566 97 23 Stunde,
1419 2570 38 16 um
1479 2563 34 23 die
1535 2563 88 28 gebeten
1644 2567 56 18 war,
1721 2561 45 22 und
1787 2559 120 27 innerhalb

1048 2601 65 22 deren
1138 2597 108 25 beſtimmt
1268 2595 48 23 eine
1339 2593 160 28 Entſcheidung
1523 2590 165 28 herbeigeführt
1712 2590 88 22 werden
1822 2588 86 24 konnte,

1049 2629 89 24 wollten
1163 2627 27 27 ſie
1214 2627 44 21 uns
1282 2622 125 30 bewilligen
1453 2622 73 23 Wenn
1550 2620 34 23 die
1608 2618 234 29 Zontrumsvertretor
1867 2618 42 21 das

1049 2657 129 28 Verlangen
1200 2656 38 21 der
1260 2652 144 28 Volkspartei
1426 2651 46 22 und
1495 2651 37 22 der
1555 2648 226 26 Deutſchnationalen
1803 2647 51 27 nach
1877 2646 31 27 ſo-

1048 2686 96 28 fortiger
1163 2684 128 26 Erflärung
1309 2682 77 26 erfüllt
1406 2681 84 24 hätten,
1508 2681 61 21 dann
1588 2679 61 22 wäre
1669 2678 100 26 folgende
1788 2675 121 24 Situation

1049 2715 136 27 entſtanden:
1213 2713 50 23 Das
1282 2711 109 29 Zentrum
1409 2710 61 26 hätte
1489 2709 38 27 ſich
1545 2708 47 22 klar
1612 2707 37 28 für
1669 2706 82 26 Geßler
1771 2705 138 27 entſchieden,

1049 2750 44 18 von
1111 2745 42 21 den
1172 2741 141 30 zuſtändigen
1332 2739 124 29 Inſtanzen
1476 2740 38 21 der
1534 2736 143 28 Vollspartei
1698 2736 65 26 lagen
1782 2732 54 31 zwei
1856 2734 53 23 Ent-

1050 2773 151 29 ſhließungen
1220 2775 49 20 vor,
1288 2774 44 18 von
1351 2769 68 22 denen
1438 2768 34 22 die
1492 2767 47 23 eine
1558 2767 42 21 das
1620 2765 115 28 Gegenteil
1754 2766 38 21 der
1812 2764 97 22 anderen

2105 1490 56 24 Eine
2183 1488 129 26 Erklärung
2333 1482 215 28 deutſchnationaler
2570 1479 197 28 Parteiinſtanzen
2788 1481 50 20 war

2404 1514 50 23 Das
2485 1510 154 30 Zentrum
2669 1513 64 18 war
2764 1506 74 33 aber

2352 1549 45 17 um
2422 1542 32 23 in
2480 1539 84 29 dieſe
2590 1538 94 29 Falle
2709 1536 130 29 hinein-

1976 1492 92 29 beſagte.

1977 1521 126 26 überhaupt
2126 1517 56 28 nicht
2206 1516 138 28 vorhanden.

1976 1550 77 27 nicht
2080 1550 98 21 dumm
2204 1550 116 25 genug,

1977 1578 161 30 zugehen.“

1998 1614 138 32 Uebrigens
2157 1613 28 30 iſt
2205 1614 26 24 es
2251 1616 51 20 von
2322 1608 130 33 Jntereſſe,
2477 1606 57 31 daß.
2543 1602 48 48 das
2611 1597 229 42 deutſchnationale

1952 1649 41 26 der
2015 1648 85 25 beiden
2123 1645 117 27 Berliner
2262 1642 199 30 Börſenblätter,
2481 1639 39 32 die
2541 1635 227 33 „Börſenzeitung“
2789 1639 51 21 von

1951 1683 42 25 der
2013 1681 109 24 anderen
2143 1678 71 26 Seite
2233 1676 102 26 wütend
2369 1680 76 26 gegen
2465 1671 168 32 Streſemann
2653 1669 95 27 Sturm
2766 1663 74 40 läuft.

1952 1714 58 26 Das
2031 1713 73 26 Blatt
2143 1712 61 30 ſtellt
2240 1710 54 26 eine
2332 1707 163 30 Berechnung
2533 1704 53 30 auf,
2625 1701 141 33 derzufolge
2803 1700 37 26 die

1952 1742 328 35 republikaniſchen
2301 1739 175 34 Parteien
2497 1745 43 19 am
2559 1737 37 25 29.
2617 1735 75 32 März
2711 1735 47 25 den
2778 1733 62 31 Sieg

1953 1780 175 29 davontragen
2149 1778 113 25 würden,
2282 1776 52 24 und
2354 1773 53 31 ruft
2428 1773 74 25 unter
2521 1771 43 25 der
2585 1767 160 32 Ueberſchrift
2765 1766 75 30 „Weg

1952 1813 47 26 mit
2017 1813 55 24 dem
2089 1810 104 31 Regime
2211 1805 282 32 Marx-Streſemann!“
2513 1803 27 26 in
2559 1804 46 25 den
2624 1801 109 33 höchſten
2752 1800 88 26 Tönen

1954 1852 42 25 zur
2014 1844 158 30 Sammlung
2191 1842 44 32 auf
2252 1842 42 25 der
2311 1839 103 32 Rechten
2432 1838 54 32 auf,

2064 1902 121 42 Gechs
2203 1894 529 52 Präſideniſchaftskandidaten.

1995 1965 73 23 Neben
2086 1964 48 22 dem
2150 1966 44 18 von
2211 1962 37 22 der
2264 1959 163 27 Deutſchen
2443 1954 269 28 demokratiſchen
2729 1954 113 27 Partei

1954 1998 150 28 aufgeſtellten
2159 1991 328 31 Präſidentſchaft3kandidaten
2544 1988 299 27 Staatspräſident

1955 2029 146 28 Hellpac
2124 2029 88 22 werden
2225 2026 50 28 noch
2288 2026 36 27 für
2337 2026 40 21 das
2389 2025 111 27 Zentrum
2512 2021 221 29 Miniſterpräſident
2744 2020 51 23 Mar
2824 2027 18 21 x,

1956 2065 37 26 für
2008 2064 33 22 die
2057 2059 247 31 Sozialdemokratiſche
2321 2057 77 28 Partei
2413 2055 222 28 Miniſterpräſident
2649 2061 18 15 a.
2683 2054 29 23 D.
2757 2059 86 18 Braun,

1957 2098 36 25 für
2011 2096 33 23 die
2060 2093 180 29 Rechtsparteien
2256 2091 41 24 Dr.
2342 2092 99 21 Jarres,
2459 2090 37 27 für
2513 2088 33 23 die
2562 2087 169 27 Kommuniſten
2747 2081 98 37 Tähla

1957 2136 67 16 mann
2066 2129 46 21 und
2131 2128 37 26 für
2187 2125 34 23 die
2239 2123 208 30 Deutſhvölkiſchen
2467 2120 177 30 vorausſichtlich
2669 2125 20 18 v.
2709 2120 136 24 Lettows

1957 2162 103 22 Borbe>
2105 2158 146 23 kandidieren.

1957 2214 72 39 Die
2048 2212 250 44 Zuſtimmung
2321 2209 60 38 der
2399 2207 170 40 Berliner
2591 2205 257 40 Demofraten.

1997 2267 42 24 Der
2059 2265 141 28 Parteitag
2221 2266 45 21 des
2287 2262 298 27 Wahlfreisverbandes
2606 2260 97 25 Berlin
2723 2261 36 22 der
2779 2261 67 23 Deut»

1955 2301 55 27 ſchen
2029 2298 174 28 demokratiſchen
2221 2296 224 28 Partei“billigte
2462 2295 51 26 nah
2531 2294 70 22 einem
2619 2292 85 27 Bericht
2722 2293 38 22 des
2777 2292 70 28 Abge-

1956 2334 101 21 ordneten
2072 2331 101 25 Berlins,
2184 2329 183 28 Reichsminiſter3
2382 2334 19 17 a.
2417 2329 26 23 D.
2459 2326 80 28 Koch
2529 2321 13 40 ,
2554 2327 52 22 über
2622 2325 33 25 die
2670 2325 106 29 politiſche
2792 2325 54 28 Lage

1958 2367 43 22 und
2016 2365 34 23 dis
2066 2364 183 27 Verhandlungen
2267 2363 39 23 mit
2321 2362 93 22 auderen
2431 2359 102 29 Parteien
2548 2358 35 23 die
2600 2359 99 28 Haltung
2714 2360 34 22 der
2763 2357 84 27 Neichs-

1958 2397 145 29 tagsfraktion
2123 2396 37 24 der
2180 2393 183 28 Demokratiſchen
2383 2392 76 28 Partei
2479 2394 46 21 und
2545 2392 36 23 der
2602 2390 166 29 Parteileitung,
2801 2390 45 23 Der

1957 2430 115 29 Parteitag
2089 2428 102 30 begrüßte
2210 2429 31 22 die
2260 2426 137 29 Aufſtellung
2410 2427 38 21 des
2467 2423 219 28 Staatspräſidenlen
2704 2423 40 24 Dr.
2763 2423 84 28 Hells

1957 2462 63 29 pach
2039 2463 36 22 als
2093 2461 132 24 Kandidaten
2245 2460 35 24 für
2299 2459 32 24 die
2349 2458 64 29 Wohl
2434 2457 59 24 eines
2512 2455 211 29 Reichspräſidenten
2743 2454 104 29 einmütig

1958 2497 44 22 und
2020 2495 37 24 mit
2075 2494 87 29 großem
2181 2493 84 28 Beifall,

2395 2525 19 19 *

2002 2564 11 12 *
2047 2563 58 29 Für
2127 2562 40 24 die
2188 2562 72 27 Leſer
2281 2561 106 26 unſerer
2408 2558 244 29 Expreß-Ausgabe
2674 2556 175 28 wiederholet

1962 2596 50 24 wir
2027 2596 49 27 auf
2091 2594 74 25 Seite
2179 2594 16 22 2
2210 2595 45 22 des
2271 2593 80 27 erſten
2364 2591 154 25 Beiblattes
2534 2590 40 23 die
2589 2589 31 24 in
2635 2589 108 27 unſerer
2759 2589 91 24 Stadt«

1961 2630 119 25 ausgabe
2114 2628 75 26 heute
2222 2630 109 23 morgen
2365 2623 208 28 veröffentlichte
2607 2622 167 27 Darſtellung
2808 2623 43 21 der

1962 2660 178 29 geſtrigen
2189 2656 466 29 Parteiverhandlungen,
2704 2654 41 23 die
2795 2659 56 22 zum

1962 2693 134 27 Scheitern
2112 2694 46 22 der
2175 2689 392 26 Sammelkandidatur
2584 2688 136 26 Geßler
2738 2688 53 22 und
2806 2691 46 22 zur

1962 2726 168 27 Aufſtelung
2183 2725 43 22 der
2279 2721 301 27 demokratiſchen
2633 2719 218 27 Präſideni-

1963 2756 365 30 ſ<haftskandidatur
2348 2754 166 28 Hellpacc
2536 2753 106 28 geführt
2663 2753 96 27 haben,

1021 2805 308 46 FENN
1492 2805 38 46 PT
1555 2805 39 46 TR
1601 2805 188 46 NTLLLLÖHTEILEG
1800 2805 153 46 BELEGTE
1961 2805 107 46 TGESEETEE
2079 2805 49 46 UNTEN
2133 2805 427 46 GEETEEETEZETTEETTÜTTEEEIETESEIIZEENE
2573 2805 102 46 ZINNI
2694 2805 156 46 NIIITINITEN

1024 2885 52 25 und
1093 2880 164 31 Staatsform
1274 2885 29 26 zu
1319 2877 95 27 we>en.
1438 2875 48 27 Ein
1504 2874 69 32 Jahr
1589 2875 62 29 lang
1669 2878 56 20 war
1741 2878 26 19 er
1784 2866 127 39 Stadt-

1024 2913 233 29 verordneter
1289 2911 26 25 in
1349 2911 41 26 der
1415 2907 125 32 badiſchen
1566 2905 158 32 Hauptſtadt.
1763 2905 52 29 Auf
1839 2903 72 26 einen

1024 2948 89 32 Poſten
1126 2946 111 26 weiterer
1244 2942 167 33 Wirkſamkeit
1425 2941 74 31 ſtellte
1513 2940 42 31 ihn
1574 2939 34 26 die
1627 2938 74 31 Partei
1716 2938 51 25 und
1782 2939 46 24 das
1835 2937 77 26 Land,

1023 2983 42 25 al3
1081 2989 26 19 er
1123 2980 35 26 im
1172 2977 139 28 November
1331 2976 58 25 1922
1405 2980 55 26 zum
1478 2972 179 30 badiſchen
1673 2970 238 30 Unterrichts-

1025 3013 155 31 miniſter
1197 3011 111 27 ernannt
1326 3009 93 26 wurde.
1451 3006 52 30 Auf
1521 3004 87 29 dieſem
1628 3004 98 30 Poſten,
1745 3004 45 25 den
1809 3010 25 18 er
1853 3002 58 30 auch

1026 3048 69 30 heute
1112 3045 58 31 noch
1188 3043 120 29 befleidet,
1325 3043 44 30 hat
1384 3048 26 19 er
1427 3039 223 30 Hervorragendes
1669 3036 110 32 geleiſtet.
1812 3036 45 24 Um
1876 3035 36 24 die

1026 3079 127 32 wichtigen
1167 3078 98 32 Fragen
1280 3078 42 24 der
1336 3072 197 33 Lehrerbildung
1546 3074 51 23 und
1611 3070 39 26 die
1664 3069 147 31 zeitgemäße
1825 3068 87 27 Schul-

1026 3113 66 31 form
1113 3112 28 31 iſt
1164 3118 25 18 er
1211 3108 143 31 unabläſſig
1376 3105 108 31 bemüht.
1524 3104 55 26 Den
1602 3102 173 29 Volksſchulen
1798 3101 47 25 wie
1867 3102 45 24 den

1026 3145 108 32 höheren
1151 3143 108 29 Schulen
1276 3141 46 32 gilt
1339 3139 63 32 ſeine
1418 3138 132 31 Fürſorge,
1566 3137 52 24 und
1636 3136 48 26 daß
1701 3135 37 25 die
1755 3133 157 31 Hochſchulen

1027 3178 112 26 Badens,
1166 3174 153 33 Heidelberg,
1346 3171 124 33 Freiburg
1507 3170 42 24 und
1576 3168 150 28 Karlsruhe,
1753 3167 77 25 neben
1857 3168 55 23 dem

1026 3211 66 29 Geiſt
1113 3209 161 29 vornehmer
1300 3204 137 29 Tradition
1472 3204 51 24 -und
1557 3201 75 31 eter
1658 3195 254 40 Wiſſenſchaftlichkeit

1027 3244 59 31 auch
1113 3241 168 31 Verſtändnis
1308 3239 42 30 für
1376 3238 37 26 die
1440 3236 182 32 Forderungen
1650 3236 42 24 des
1720 3240 78 18 nenen
1826 3233 86 25 Volks-

1027 3277 91 30 ſtaate3
1138 3274 103 31 beſiken,
1259 3273 36 24 im.
1315 3270 128 32 Gegenſaß
1463 3275 28 25 zu
1512 3266 126 31 manchem
1659 3266 109 26 anderen
1790 3264 122 30 deutſchen

1027 3309 91 27 Lande,
1135 3308 28 30 iſt
1181 3306 45 27 mit
1244 3306 50 30 ſein
1312 3304 78 26 Werk.

1074 3349 45 32 Im
1133 3347 140 26 November
1289 3346 57 23 1924
1361 3341 86 28 wurde
1461 3349 25 20 er
1500 3348 56 25 zum
1594 3340 154 29 badiſchen
1764 3338 149 27 Staat3-

1027 3380 234 31 präſidenten
1293 3377 115 32 gewählt,
1440 3376 51 24 und
1525 3373 79 26 damit
1629 3374 51 25 trat
1705 3379 53 23 zum
1784 3370 129 30 erſtenmal

1029 3414 38 26 ein
1088 3413 133 27 Demokrat
1241 3417 35 20 an
1298 3410 37 26 die
1355 3408 80 31 Spiße
1456 3410 42 23 des
1520 3405 220 29 „Muſterländle“.
1778 3404 32 26 Er
1832 3403 82 25 wirkte

1028 3446 173 32 ausgleihend
1218 3443 112 33 zwiſchen
1347 3445 45 23 den
1407 3439 128 33 Parteien,
1551 3438 174 32 ausgleichend
1742 3437 110 31 zwiſchen
1870 3437 44 24 den

1028 3477 183 32 Konfeſſionen,
1230 3474 175 33 ausgleichend
1424 3473 65 30 auch
1503 3472 26 25 in
1550 3472 46 24 den
1618 3470 98 32 Fragen
1739 3469 108 31 zwiſchen
1869 3470 46 23 den

1029 3513 115 26 Ländern
1163 3512 52 24 und
1233 3511 55 24 dem
1304 3507 77 30 Reich.
1416 3505 176 30 Ueberzeugter
1610 3503 134 26 Demokrat
1764 3503 51 25 und
1834 3502 80 29 Repu-

1030 3544 117 27 blikaner,
1159 3543 65 26 blikt
1237 3549 25 19 er
1275 3541 56 29 doch
1344 3541 55 29 ſtet3
1413 3540 60 24 über
1490 3536 34 27 die
1529 3536 195 31 Parteigrenzen
1736 3535 103 30 hinaus.
1852 3534 63 30 Pro-

1029 3578 96 31 teſtant,
1143 3577 29 29 iſt
1189 3583 26 19 er
1233 3574 56 31 doch
1307 3573 74 26 allem
1400 3569 282 31 Kulturkämpferiſchen
1702 3567 137 31 abgeneigt.
1864 3566 51 26 Mit

1029 3617 102 25 ganzem
1145 3609 91 31 Herzen
1251 3610 54 24 dem
1319 3604 124 31 deutſchen
1458 3601 250 33 Einheitsgedanken,
1723 3601 192 29 ſelbſtverſtänd-

1030 3645 43 30 lich
1090 3644 53 24 dem
1160 3640 188 34 großdeutſchen
1365 3637 112 32 zugetan,
1494 3636 43 32 hat
1554 3643 25 19 er
1594 3636 41 24 als
1652 3633 116 27 Miniſter
1785 3636 51 23 und
1852 3633 65 30 Prä-

1031 3677 75 31 ſident
1121 3675 69 27 eines
1204 3673 99 27 Landes
1317 3672 41 30 für
1373 3670 37 26 die
1426 3669 149 27 beſonderen
1591 3666 157 30 Bedürfniſſe
1763 3667 42 24 der
1820 3665 96 26 Länder

1032 3710 88 26 immer
1133 3706 172 32 Verſtändnis
1315 3704 97 32 gezeigt:
1433 3702 65 31 Auch
1512 3701 25 25 in
1552 3703 42 24 der
1607 3699 177 31 Außenpolitik
1798 3699 25 29 iſt
1837 3706 25 18 er
1873 3697 44 28 auf

1032 3742 49 26 kein
1095 3742 101 30 Dogma
1209 3737 202 34 eingeſchworen,
1426 3735 62 29 nicht
1501 3734 46 30 auf
1561 3735 47 24 das
1623 3733 100 30 öſtliche,
1737 3732 62 30 nicht
1813 3732 43 30 auf
1871 3734 46 23 das

1032 3774 121 31 weſtliche,
1175 3773 59 29 auch
1258 3771 51 32 hier
1332 3777 27 26 zu
1380 3767 131 32 Ausgleich
1534 3768 52 24 und
1608 3765 203 32 Verſtändigung
1835 3760 83 40 bereit,

1032 3809 46 25 den
1100 3806 64 28 Bli>
1194 3806 55 30 ſtet3
1279 3804 45 30 auf
1354 3804 46 24 das
1431 3800 90 32 beſeßte
1550 3799 95 27 Gebiet,
1676 3799 39 25 als
1738 3797 180 30 Deutſchlands

1033 3839 173 31 Lebensfrage,
1238 3836 119 33 gerichtet.
1406 3833 32 27 Er
1471 3834 43 30 hat
1547 3832 77 30 dafür
1657 3831 103 32 geſorgt,
1794 3830 48 28 daß
1872 3831 46 24 das

1032 3871 259 31 Reichs8banner
1325 3864 367 35 Schwarz-Rot-Gold
1724 3863 62 30 nicht
1820 3862 99 38 Partei-

1034 3906 120 31 <Härakter
1173 3903 123 31 annahm,
1314 3902 106 30 ſondern
1439 3898 54 26 eine
1513 3896 201 32 überparteiliche
1735 3895 183 32 Organiſation

1035 3945 54 24 zum
1102 3937 97 32 Schuße
1212 3937 42 25 der
1267 3934 119 32 Republik
1398 3932 71 28 blieb,
1483 3932 51 25 und
1549 3932 27 24 es
1589 3936 56 19 war
1659 3930 50 29 ihm
1723 3929 54 27 eine
1790 3928 129 30 beſondere

1035 3971 100 28 Freude,
1157 3970 41 25 als
1219 3975 25 19 er
1265 3973 42 20 am
1332 3968 32 25 18.
1385 3965 106 32 Januar
1513 3962 77 30 dieſe3
1613 3962 97 31 Jahres
1732 3963 25 25 in
1779 3960 140 32 Pforzheim

1035 4005 43 29 auf
1102 4003 69 27 einer
1193 3996 301 36 Reichsgründungsfeier
1519 3997 43 25 des
1585 3995 201 30 Reichsbanners
1812 3993 106 31 ſprechen

1035 4037 95 26 konnte,
1150 4035 26 26 in
1198 4035 42 25 der
1261 4032 39 27 die
1321 4030 165 31 Verbindung
1508 4033 50 21 von
1581 4028 137 27 Tradition
1740 4029 51 24 und
1813 4026 106 30 republi-

1035 4068 118 60 ZRT
1174 4065 240 31 Staatsauffaſſung
1443 4061 132 32 beſonder3
1596 4061 102 31 deutlich
1719 4067 55 25 zum
1794 4059 126 26 Ausdruck

1048 4109 49 20 am.

1081 4141 48 27 Ein
1147 4139 154 33 Fachmann,-
1319 4137 77 32 deſſen
1414 4135 150 32 Bedeutung
1583 4134 42 34 ſich
1644 4134 34 26 im
1698 4133 139 31 Fachlichen
1857 4132 62 29 nicht

1036 4173 122 32 erſchöpft.
1197 4173 48 27 Ein
1268 4172 85 26 Mann.
1376 4172 42 24 der
1443 4169 49 26 Tat
1515 4173 50 21 von
1588 4166 209 33 ausgebreitetem
1822 4166 97 28 Wiſſen.

1037 4208 47 26 Ein
1111 4205 309 33 hervorragender
1446 4201 188 26 Vertreter
1660 4201 57 25 der
1743 4198 176 31 deutſchen

1038 4237 314 33 Bildung38ſ<i<ht,
1375 4238 41 24 der
1440 4235 34 25 im
1498 4232 168 31 Verſtändnis
1690 4234 41 28 für
1755 4232 36 26 die
1816 4232 103 31 ſozialen

1038 4273 132 32 Aufgaben
1175 4261 12 48 -
1193 4274 40 24 der
1256 4271 55 31 Zeit
1333 4266 181 35 aufgewachſen
1538 4268 51 24 und
1613 4269 53 23 dem.
1689 4265 38 26 die,
1750 4265 89 31 völlige
1862 4264 57 26 Ein-

1039 4305 144 32 gliederung
1199 4307 40 23 der
1256 4299 311 37 Jnduſtriearbeiterſchaft
1586 4299 26 26 in
1629 4303 44 23 den
1691 4300 135 24 modernen
1843 4297 77 26 Staat

1040 4339 37 26 ein
1104 4337 130 33 Hauptziel
1261 4339 41 29 der
1315 4327 12 47 -
1331 4335 147 27 nationalen.
1505 4332 92 31 Politik
1624 4331 34 30 iſt.
1700 4331 47 26 Als
1774 4332 145 30 glänzender

1039 4372 96 26 Redner
1150 4369 41 31 ſeit
1205 4372 99 29 langem
1320 4369 110 26 bekannt.
1460 4366 45 31 Im
1519 4365 79 32 lehten
1614 4364 159 31 Wahlkampf
1786 4364 75 28 riefen
1878 4362 41 29 ihn

1039 4405 61 26 viele
1117 4409 50 20 von
1185 4405 45 25 den
1250 4401 200 30 demokratiſchen
1471 4398 215 32 Organiſationen
1706 4397 33 26 im
1757 4396 90 30 Reiche.
1882 4394 38 26 So

1041 4438 80 31 ſprach
1142 4444 34 21 er,
1199 4444 42 19 um.
1264 4436 79 31 einige
1365 4435 91 26 Städte
1478 4431 140 31 außerhalb
1641 4431 103 26 Badens
1767 4437 26 22 zu
1816 4435 104 20 nennen,

1041 4470 25 28 in
1083 4470 160 29 Wies9aden,
1260 4468 25 26 in
1300 4468 87 31 Kaſſel,
1405 4467 26 26 in
1446 4465 79 27 Halle,
1541 4464 26 26 in
1586 4464 139 31 Stuttgart.
1757 4462 121 30 Zweimal
1894 4460 27 25 in

1041 4503 95 29 Berlin,
1178 4502 78 28 Seine
1288 4500 92 34 großen
1405 4499 84 27 Reden
1524 4497 36 29 bei
1594 4499 44 26 den
1665 4495 148 34 gewaltigen
1838 4494 83 28 Kund-

1962 2868 130 31 gebungen
2117 2859 12 44 '
2129 2869 34 25 im
2199 2867 162 31 Sportpalaſt
2396 2866 52 25 und
2484 2864 36 27 im
2556 2864 102 29 Großen
2697 2863 156 31 Schauſpiel»

1964 2902 66 29 haus
2049 2902 52 30 find
2120 2901 57 29 noch
2196 2901 25 25 in
2239 2901 62 25 aller
2319 2899 172 30 Erinnerung,
2524 2898 46 26 Bei
2589 2898 43 25 der
2649 2896 143 29 Totenfeier
2809 2896 45 29 auf

1963 2935 53 25 dem
2037 2933 177 38 Bergfriedhof
2236 2932 161 31 Heidelbergs
2419 2931 59 31 hielt
2501 2937 25 19 er
2546 2935 47 21 vor
2616 2930 51 28 acht
2690 2929 87 30 Tagen
2799 2929 53 30 jene

1963 2967 152 31 ergreifende
2133 2966 74 32 große
2224 2965 146 30 Anſprache,
2388 2964 25 25 in
2432 2966 41 24 der
2492 2964 38 25 die
2548 2963 102 26 Trauer
2668 2970 42 18 um
2729 2961 124 31 Friedrich

1964 3000 73 25 Ebert
2052 2999 43 26 mit
2112 3001 53 23 dem
2180 2997 113 27 Aushlick
2305 2998 46 30 auf
2365 2997 121 30 deutſches
2500 2996 166 28 Geiſte8leben
2680 2998 52 23 umd
2748 2993 106 33 deutſcha

1964 3032 143 32 Landſchaft
2124 3032 53 27 eine
2195 3030 84 32 innige
2296 3030 168 31 Verbindung
2481 3029 172 31 eingegangen
2671 3033 63 22 war,

2394 3084 26 27 X

2008 3130 112 31 Hellpach
2142 3129 28 32 iſt
2192 3130 71 31 heute
2283 3127 201 33 achtundvierzig
2506 3127 83 31 Jahre
2609 3128 44 25 alt.
2691 3127 51 25 Der
2765 3127 90 25 mittel-

1960 3159 80 47 große
2058 3163 94 28 Mann,
2171 3163 45 26 mit
2235 3164 45 24 den
2300 3161 72 30 feſten
2391 3162 188 30 ausgeprägten
2598 3160 97 30 Zügen,
2715 3161 42 24 der
2775 3160 80 31 hohen

1966 3197 85 37 Stirn,
2071 3197 54 25 dem
2144 3195 151 31 energiſchen
2315 3194 75 28 Kinn,
2409 3195 56 24 dem
2485 3193 76 30 ſcharf
2580 3192 140 30 prüfenden
2740 3192 71 28 Bli>,
2830 3192 28 29 iſt

1966 3236 55 19 eine
2033 3228 195 31 Perſönlichkeit,
2242 3229 67 30 wohl
2323 3227 118 31 geeignet,
2456 3228 48 23 das
2517 3226 72 29 Reich
2603 3233 28 21 zu
2645 3226 132 26 vertreten.
2799 3225 59 31 Daß

1965 3264 42 34 der
2031 3262 221 35 Staatspräſident
2276 3260 45 25 mit
2346 3260 95 26 Würde
2464 3259 52 25 und
2540 3258 114 32 Feinheit
2678 3265 27 23 zu
2728 3258 128 30 repräſen»

1967 3295 77 24 tieren
2067 3294 111 31 verſteht,
2199 3293 63 27 weiß
2284 3292 73 32 jeder,
2378 3294 40 24 der
2441 3292 43 31 ihn
2506 3298 28 25 zu
2555 3290 144 32 Karlsruhe
2720 3292 26 24 in
2769 3290 89 30 ſeinem

1966 3327 188 30 Amtsgebäude
2174 3334 42 18 am
2235 3325 116 32 Jnneren
2371 3325 80 31 Zirkel
2471 3325 59 24 oder
2550 3324 26 25 in
2597 3323 77 29 ſeiner
2694 3323 164 30 Häuslichkeit

1966 3360 140 37 aufgeſucht
2126 3360 51 31 hat,
2197 3365 38 19 wo
2255 3366 25 19 er
2300 3360 52 24 und
2372 3358 64 30 ſeine
2455 3356 91 27 Gattin
2567 3356 54 27 eine
2640 3355 218 34 liebenäwürdige,

1966 3393 153 31 vergeiſtigte
2138 3391 150 32 Geſelligkeit
2306 3391 104 32 pflegen.

2013 3432 48 26 Die
2082 3432 163 26 Kandidatur
2266 3431 113 31 Hellpach
2402 3431 27 30 iſt
2451 3429 64 27 keine
2538 3430 72 31 bloße
2631 3429 227 32 Zählkandidatur.

1968 3464 81 39 Wenn
2060 3472 35 30 er
2115 3466 60 28 auch
2197 3465 34 25 im
2251 3464 78 30 erſten
2349 3462 153 32 Wahlgang,
2523 3462 46 27 wie
2591 3462 63 30 ſeing
2673 3462 186 27 Mitbewerber,

1968 3499 37 35 die
2024 3498 113 37 abſolute
2155 3496 127 37 Mehrheit
2300 3496 62 30 nicht
2381 3495 118 31 erringen
2517 3496 73 27 wird,
2610 3495 24 29 ſo
2653 3496 61 28 muß
2733 3496 51 29 ihm
2803 3496 55 25 doch

1968 3537 54 20 eine
2036 3531 23 30 ſo
2075 3530 73 31 ſtarke
2161 3529 185 37 Stimmenzahl
2360 3528 110 32 geſichert
2485 3529 109 27 werden,
2608 3528 49 29 daß
2671 3536 25 18 er
2713 3528 33 26 im
2760 3528 98 31 zweiten

1969 3563 146 37 Wahlgang
2141 3564 40 25 als
2207 3567 180 26 gemeinſamer
2412 3561 129 26 Vertreter
2568 3563 43 24 der
2637 3561 223 29 republikaniſchen

1968 3592 118 47 Parteien
2106 3596 125 29 auftreten
2250 3595 71 26 kann.
2348 3594 55 27 Wir
2422 3594 118 30 glauben,
2559 3594 38 25 die
2617 3593 107 31 deutſche
2742 3594 119 30 Republik

1970 3631 86 35 würde
2080 3632 44 34 gut
2148 3629 96 38 fahren,
2268 3634 73 20 wenn
2364 3627 31 30 ſie
2419 3626 51 31 ihm
2495 3626 54 31 ihre
2572 3626 106 32 Leitung
2701 3627 159 25 anvertraut.

1969 3662 34 25 Er
2020 3663 28 29 iſt
2066 3669 39 18 ein
2123 3661 154 32 Pſychologe,
2295 3662 41 25 der
2354 3659 26 26 in
2399 3660 43 25 der
2462 3660 72 26 Seele
2553 3661 43 25 der
2614 3659 54 32 Zeit
2687 3666 28 24 zu
2732 3659 70 29 leſen,
2820 3659 38 26 ein

1969 3695 67 36 Arzt,
2069 3696 42 24 "der
2145 3696 53 24 dem
2231 3693 101 27 kranken
2359 3691 165 33 Volkskörper
2550 3692 109 33 Heilung
2693 3699 29 25 zu
2755 3692 94 32 bringe

1970 3727 111 32 verſteht.

2339 3757 20 21 *
2469 3757 20 21 *

2405 3782 20 22 vw

2180 3836 166 45 Heilpach
2365 3840 58 35 als
2441 3835 212 46 Mediziner.

1982 3905 68 30 m
2084 3899 46 23 Der
2150 3897 95 28 badiſche
2265 3897 199 28 Staatspräſident
2486 3897 114 28 Profeſſor
2620 3897 40 23 Dr.
2680 3899 61 23 med.
2762 3899 25 23 ek
2806 3899 55 29 phil.

1971 3928 98 44 Willy
2087 3931 146 29 Hellpad)
2250 3930 60 23 wird
2327 3934 44 19 von
2389 3931 37 22 der
2446 3929 109 29 deutſchen
2573 3930 146 29 Aerztefſchaft
2737 3932 40 22 mit
2796 3932 66 28 Stolz

1972 3966 35 21 als
2020 3970 60 30 einer
2095 3966 38 34 der
2151 3963 96 29 Ihrigen
2264 3963 129 29 angeſehen;
2409 3964 78 28 gehört
2502 3971 24 16 er
2542 3963 49 29 doch
2606 3969 27 22 zu
2649 3966 39 21 den
2703 3965 158 28 fruchtbarſten

1973 3999 44 35 und
2034 3996 149 29 originellſten
2201 3995 227 29 Pſychologen;
2447 4000 42 19 vor
2507 3996 65 23 allem
2590 3996 38 28 hat
2646 4003 23 16 er
2687 3997 52 22 aber
2759 3998 22 21 in
2799 3998 62 27 lang-

1972 4030 98 28 jähriger
2091 4028 109 29 Tätigkeit
2219 4029 37 23 als
2276 4028 180 24 Redakteur
2477 4029 52 24 der
2549 4028 215 29 „Aerztlichen
2784 4030 78 24 Mit-

1972 4063 190 27 teilungen“,
2181 4062 39 24 des
2238 4061 96 29 Organs
2355 4062 38 22 des
2411 4060 170 29 Leipziger
2600 4061 190 24 Verbande3
2809 4064 52 22 der

1971 4095 112 36 Aerzte
2105 4094 233 28 Deutſ<hlands
2361 4094 234 29 (Hartmann-Bund),
2616 4100 29 17 an
2667 4094 194 29 hervorragender

1973 4124 69 45 Stelle
2063 4129 33 21 die
2116 4128 126 27 Intereſſen
2264 4128 39 23 des
2325 4127 168 28 Aerzteſtandes
2513 4128 119 22 vertreten.
2667 4127 127 29 Veſonder8
2829 4131 33 22 be»

1973 4162 97 27 fähigten
2093 4161 39 26 ihn
2156 4161 59 28 dazu
2235 4160 56 28 ſeine
2314 4160 227 28 ſoziologiſche
2564 4160 160 30 Schulung
2748 4164 44 21 und
2815 4164 47 22 eine

1972 4189 118 46 glänzende
2108 4193 215 30 Rednergabe.
2329 4189 11 38 .
2354 4193 41 24 Sie
2412 4194 45 22 trat
2473 4193 42 27 erſt
2531 4193 31 23 im
2579 4193 94 29 vorigen
2692 4195 73 26 Jahre
2781 4196 81 23 wiedor

1972 4232 38 22 «uf
2046 4228 38 22 der
2107 4226 497 29 Naturforſcherverſammlung
2641 4227 23 23 in
2686 4228 129 27 JInnsövruc>k
2837 4231 23 22 in

1972 4260 154 36 Erſc>einung,
2148 4261 36 24 als.
2205 4267 24 16 er
2251 4260 34 23 ein
2307 4260 132 29 glänzendes
2461 4259 91 26 Referat
2574 4260 54 23 über
2651 4266 33 19 die
2705 4261 156 30 Beziehungen

1972 4293 100 36 zwiſchen
2089 4293 106 23 Klima
2214 4296 59 21 und
2289 4292 114 28 Menfd
2419 4292 60 27 hielt.
2512 4292 78 29 Dieſes
2609 4293 44 28 ſein
2671 4286 191 35 Lichlingsthema

1973 4327 23 25 iſt.
2025 4326 139 29 Gegenſtand
2185 4326 68 28 ſeines
2279 4326 93 28 größten
2393 4325 97 23 Werkes:
2521 4323 70 28 „Die
2612 4328 206 30 geopfyc<hiſh
2828 4316 32 35 en

1971 4359 268 37 Erſcheinungen"
2266 4358 103 29 (Leipzig,
2386 4354 11 37 -
2393 4358 108 24 Wilhelm
2526 4358 160 29 .Engelmenn),
2724 4362 73 23 worin
2823 4364 37 21 dex

1972 4392 94 27 Einfluß
2082 4396 44 20 von
2144 4393 92 25 Wetter,
2253 4392 82 25 Klima,
2354 4391 76 24 Boden
2449 4392 44 23 und
2511 4392 127 28 Landſchaft
2656 4394 38 26 auf
2711 4395 41 23 das
2770 4395 89 24 Seolen-

1973 4426 60 23 leben
2051 4426 125 28 dargeſtellt
2193 4425 31 27 iſt.
2257 4425 49 23 Das
2319 4424 27 29 in
2364 4424 81 23 dritter
2462 4423 98 31 Auſlage
2577 4425 141 28 erſchienene,
2735 4427 67 27 höchſt
2820 4435 39 17 an-

1973 4460 92 27 regende
2080 4459 45 22 und
2142 4458 140 28 inhaltreiche
2296 4457 63 24 Werk
2375 4457 24 27 iſt
2415 4457 55 28 nicht
2487 4457 23 29 ſo
2526 4457 47 30 ſehr
2588 4463 75 25 wegen
2680 4460 37 23 des
2732 4459 127 30 Reichtums

1974 4498 28 17 an
2022 4492 80 28 Zdeen,
2137 4493 37 23 der
2209 4490 134 31 glänzendon
2366 4490 97 31 Sprache
2497 4491 45 24 und
2576 4492 38 23 der
2648 4492 132 30 originellen
2815 4496 44 24 Aus
