3602 5000
0 386 41 43 I.
144 378 59 36 54.
225 376 174 44 Jahrgang

309 817 54 39 Nr.
383 823 47 32 29

95 876 162 28 Chef-Redakteur
304 879 109 25 Theodor
433 880 94 25 Wolfi
553 880 21 25 in
594 882 81 25 Berlin,
704 881 10 12 7

54 1253 4 2 DB
105 1237 31 26 T.
147 1236 52 26 W.
227 1233 52 27 Mit
293 1234 199 34 Bewunderung
506 1236 78 31 ſtehen
600 1236 47 27 wir
659 1241 46 23 vor
719 1238 55 25 dem
788 1237 160 30 erfreulichen

0 1274 55 23 men,
91 1271 35 25 Wifer
143 1268 67 26 einer
229 1268 280 33 Staat3anwaltſchaft,
527 1270 37 27 die
581 1272 47 29 jeht
649 1271 72 31 ſogar
739 1270 53 32 ihre
809 1271 141 31 Nachtruhe

0 1303 148 31 einnpiert,
180 1301 123 31 während
336 1300 30 32 ſie
399 1301 26 26 in
456 1302 99 31 einigen
589 1304 137 25 bekannten
760 1303 87 29 Fällen
882 1304 68 30 ſchon

0 1338 101 35 mi
125 1336 67 30 Tage
224 1342 28 25 zu
282 1335 163 32 ſchlummern
475 1336 83 32 ſchien.
603 1337 65 26 Aber
690 1338 117 36 nachdem
825 1344 72 30 man
912 1344 38 25 ge-

0 1370 54 28 d<hen
90 1369 70 32 MWigend
180 1368 148 26 bewundert
346 1369 53 31 hat,
425 1369 56 34 darf
508 1376 60 19 man
595 1369 41 31 ſich
664 1370 118 30 vielleicht
810 1370 41 30 für
879 1377 71 18 einen

3 1404 62 35 Fen
93 1400 113 33 ugenblid
226 1401 81 26 einem
327 1402 111 26 anderen
458 1403 84 25 Lande
562 1403 142 30 zuwenden,
724 1403 26 25 in
772 1404 54 24 dem
847 1403 37 25 die
904 1403 47 25 Ge-

4 1435 48 27 "282,
94 1434 98 32 Bhtigfeit
223 1435 80 32 blüht.
349 1435 39 32 Jn
411 1435 148 27 MoS3kau
585 1436 60 31 ſind,
675 1436 46 26 wie
745 1437 68 30 ſchon
839 1437 112 31 berichtet

0 1467 150 29 "geneßurde,
178 1472 47 21 vor
253 1468 130 32 mehreren
409 1468 126 27 Monaten
563 1469 76 26 drei
664 1469 105 32 junge
798 1469 153 26 Männer

0 1500 65 22 rl
110 1496 14 42 rr
128 1500 117 32 haftet
261 1502 112 27 worden,
391 1506 49 22 von
459 1503 78 25 denen
556 1502 64 31 zwei,
640 1503 44 25 Dr.
703 1503 247 25 Kindermann

2 1532 57 43 AUM
88 1538 24 22 [nd
127 1536 39 24 der
182 1532 162 28 Student
360 1534 159 32 Wolſc<ht,
536 1538 50 23 aus
601 1535 218 33 Süddeutſchland
836 1536 115 34 gebürtig

0 1581 11 13 n
33 1564 88 33 Zeund,
149 1567 42 25 der
222 1567 82 28 dritte,
333 1567 40 26 ein
394 1567 113 27 Student
529 1574 21 19 v.
572 1568 160 29 Ditmakt,
760 1571 50 23 aus
832 1570 119 29 Gſthland

0 1600 67 42 3
91 1601 73 25 ammt.
198 1600 69 26 Man
288 1600 28 31 iſt
333 1602 67 31 wohl
419 1601 63 31 nicht
502 1601 136 32 berechtigt,
658 1609 63 24 ganz
741 1603 60 25 über
821 1602 61 28 dieſe
900 1602 51 26 An-

29 1630 17 11 Et
97 1633 112 31 Flegenheit
231 1640 29 25 zu
281 1633 140 32 ſchweigen,
442 1636 60 30 auch
523 1640 73 22 wenn
618 1635 37 29 ſie,
678 1637 76 24 neben
777 1637 46 24 den
845 1635 105 32 Affären

98 1676 8 16 r
124 1666 118 29 Barmat,
262 1666 120 31 Kutiſker,
402 1667 88 26 Bauer
510 1669 52 24 und
582 1668 79 28 Höfle,
682 1669 128 30 manchem
832 1668 52 31 ſehr
906 1676 45 17 un-

98 1698 115 32 trächtlich
228 1699 137 31 erſcheinen
380 1707 67 24 mag.
463 1700 58 26 Wer
535 1700 27 26 in
577 1701 80 27 dieſen
673 1701 87 31 Tagen
775 1706 51 20 von
841 1701 110 26 Moskau

37 1752 21 7 in.
90 1733 62 29 Bricht,
164 1733 40 25 tut
216 1735 28 25 es
258 1732 26 27 in
299 1736 55 24 dem
368 1734 137 30 tröſtlichen
521 1734 168 30 Bewußtſein,
704 1735 49 31 daß
767 1735 41 29 ſich
821 1735 130 31 vorläufig

3 1763 42 21 bera
72 1759 14 43 W
107 1764 84 27 Berlin
208 1765 26 31 ja
252 1767 56 30 doch
326 1766 62 31 nicht
405 1767 47 25 viel
469 1768 95 25 ändern
583 1767 71 26 wird.
687 1768 47 26 Die
753 1768 198 30 parlamentari-

0 1807 124 29 Unfaren
145 1798 345 35 Unterſuchungsausſchüſſe
511 1802 99 24 werden
634 1801 58 31 noch
715 1802 75 31 lange
812 1801 45 25 mit
881 1801 70 37 ihren

39 1829 153 33 Kinpchen
214 1832 27 26 in
262 1831 108 32 hündert
391 1832 173 32 Seitengaſſen
586 1834 184 30 herumſuchen,
791 1834 38 26 die
848 1835 103 29 deutſch-

102 1865 89 25 tionale
212 1864 107 33 Tugend
340 1865 65 27 wird
427 1866 41 31 ſich
489 1867 85 25 weiter
595 1868 60 25 über
677 1869 47 24 das
746 1867 206 31 republikaniſche

0 1901 50 52 "6
92 1898 46 25 ſter
156 1899 128 30 empören,
304 1900 52 24 und
378 1899 38 26 die
436 1898 212 33 journaliſtiſchen
669 1899 163 32 Schafhirten
853 1902 98 24 werden

21 1932 128 24 anner
163 1930 92 26 wieder
268 1931 77 31 dafür
358 1931 96 33 ſorgen,
465 1932 49 31 daß
526 1938 51 20 von
591 1936 45 22 den
648 1933 41 29 für
701 1933 29 31 ſie
741 1934 211 30 unangenehmen

11 1979 61 22 Svart
78 1959 21 46 Ft
104 1963 106 32 ſchichten
227 1963 80 31 nichts
322 1964 40 26 bis
378 1964 26 26 in
420 1966 45 25 den
481 1965 230 36 Geſichtskreis
674 1959 44 46 der
727 1966 131 31 gehüteten
875 1967 78 25 Herde

0 2001 72 29 mar>
98 1997 54 31 Wingt.
183 1996 66 32 Auch
265 1997 114 32 draußen
395 1998 26 26 in
437 1998 42 27 der
495 1999 65 26 Welt
576 1999 63 26 wird
655 2000 59 30 noch
730 2000 53 26 eine
799 1999 79 27 Weile
892 2001 60 29 lang

0 2035 6 15 )
17 2032 44 20 ohne
103 2032 21 23 Mos
144 2029 24 31 ſo
188 2029 166 33 weitergehen
374 2030 47 27 wie
441 2031 92 31 biöher.
560 2032 35 25 Es
615 2032 64 25 wird
699 2032 173 30 unermüdlich
893 2032 60 25 über

0 2056 102 39 ee
117 2062 123 32 Schulden
256 2064 144 31 geſprochen
417 2065 107 29 werden,
541 2065 37 26 die
594 2065 147 32 Frankreich
757 2066 63 28 nicht
838 2066 114 31 bezahlen

0 2104 56 35 ann,
94 2097 26 26 ill,
134 2097 51 25 und
204 2092 58 48 über
279 2098 43 36 den
336 2097 220 39 Sicherheitspakt,
569 2099 42 26 der
623 2104 85 26 wegen
722 2102 42 24 der
778 2099 111 31 öſtlichen
902 2100 51 25 An-

0 2146 47 28 Mn
59 2135 15 41 7
93 2129 68 36 ingjel
178 2129 67 27 keine
256 2130 73 26 Liebe
342 2137 26 19 in
384 2131 118 30 England
517 2131 85 31 findet,
619 2133 51 24 und
687 2132 60 26 über
764 2133 45 24 den
824 2133 128 25 Kontroll-

0 2179 6 13 +
20 2162 135 31 SausFricht,
182 2162 47 26 den
256 2169 62 20 man
345 2166 51 23 un3
422 2164 89 26 immer
529 2165 58 29 noch
607 2165 152 30 vorenthält.
793 2166 49 25 Hat
860 2168 26 23 es
905 2166 48 25 viel

0 2196 75 24 jiliale
102 2194 44 29 Woc>,
164 2195 60 31 noch
245 2195 87 26 Worte
353 2196 25 25 in
400 2196 61 31 dieſe
480 2196 178 31 Diskuſſionen
680 2197 215 32 hineinzugießen,
916 2198 37 25 die

102 2236 26 17 on
148 2231 50 24 aus
221 2229 125 31 zahlloſen
368 2230 107 26 Quellen
496 2231 109 32 übereich
630 2232 128 30 gewäſſert
780 2235 98 23 werden
901 2232 52 25 und

103 2260 85 33 endlich
208 2262 197 26 weiterrinnen?
442 2263 35 26 ES
494 2264 29 31 iſt
540 2271 55 24 zum
615 2264 136 32 mindeſten
769 2265 88 31 ebenſo
877 2265 76 25 inter-

7 2249 63 21 einfach!

0 2277 23 15 m,
47 2273 26 16 fert

0 2295 143 36 iberiagant,
163 2294 43 32 ſich
227 2294 47 27 mit
294 2296 47 25 den
362 2296 52 26 drei
435 2296 95 33 jungen
551 2297 140 30 Männern,
712 2299 45 25 den
778 2298 58 32 zwei
856 2298 97 31 Reichs-

0 2347 69 19 mrn
99 2327 85 30 hen
202 2328 53 25 und
269 2329 55 26 dem
337 2328 103 31 Balten,
454 2336 29 26 zu
495 2329 171 34 beſchäftigen,
682 2331 37 27 die
734 2331 43 32 ſeit
792 2332 55 24 dem
859 2331 95 26 Monat

0 2370 62 22 ſtraße

103 2360 64 36 tober
181 2359 27 27 in
223 2360 49 27 den
289 2360 108 32 Händen
412 2362 44 26 der
471 2363 141 32 allgütigen
628 2363 130 32 ruſſiſchen
775 2364 101 31 Tſcheka
894 2364 59 30 ſind.

111 2392 66 37 Tiefe
195 2393 51 26 drei
266 2392 96 34 jungen
378 2394 123 31 Männex,
519 2397 42 25 der
578 2396 69 31 ſchon
666 2397 48 26 mit
732 2395 54 32 dem
804 2393 150 30 Doktortitel

41 2426 124 37 wuierte
191 2425 326 39 dreiundzwanzigjährige
544 2429 144 32 Geograph,
716 2430 53 24 und
797 2429 38 26 die
863 2429 86 26 beiden

0 2483 3 5 =
24 2459 190 37 arifudenten,
231 2458 53 31 ſind
301 2460 129 32 angeblich
446 2460 47 27 mit
511 2461 42 26 der
571 2461 102 32 Abſicht,
690 2462 39 26 die
746 2462 209 31 Hauptperſonen

0 2492 10 32 ,
32 2500 36 19 Sin
121 2491 193 32 Sowjetſtaates
330 2500 29 24 zu
375 2495 141 30 ermorden,
532 2495 59 30 nach
607 2495 112 28 Moskau
735 2497 150 31 gekommen.
909 2496 46 26 Sie

111 2532 24 19 en
156 2530 68 27 zwär
244 2525 65 33 nicht
328 2526 58 33 Paß
405 2528 53 25 und
478 2527 255 32 Einreiſeerlaubnis,
753 2530 74 25 deren
847 2529 107 30 Echtheit

0 2553 69 47 ee
102 2564 22 21 ht
141 2558 125 31 beſtritten
283 2560 101 27 werden
402 2560 72 32 kann,
491 2560 60 29 aber
569 2560 242 34 Einladungsbriefe
828 2562 127 30 ruſſiſcher

0 2594 30 26 15.
109 2592 211 33 PWudentenſchaften,
341 2594 48 32 auf
411 2594 39 26 die
472 2594 31 31 ſie
525 2594 42 33 ſich
591 2595 115 31 beriefen,
730 2596 114 31 gefälſcht
868 2596 88 30 haben,

8 2630 64 24 Tage
106 2627 10 22 Wd
131 2632 61 18 man
211 2624 53 33 hat,
281 2624 47 28 wie
345 2626 128 32 verſichert
491 2627 73 29 wird,
578 2628 64 32 auch
660 2627 103 31 Waffen
782 2630 53 24 und
854 2629 38 26 die
911 2636 45 18 un-

0 2655 36 28 6
102 2657 139 33 Mbehrlichen
262 2658 189 34 Giftfläſchhen
472 2660 38 26 bei
531 2659 77 33 ihnen
628 2662 111 25 entde>t.
776 2661 48 27 Die
845 2662 52 26 drei
919 2669 38 24 ge-

0 2684 78 47 te
112 2699 32 21 en,
165 2691 54 33 ſagt
248 2691 38 28 die
314 2692 110 33 Tſcheka,
453 2693 208 32 recht3radikalen
690 2694 209 32 Geheimbünden
929 2698 26 22 in

0 2737 8 15 ,
26 2725 200 30 MaiWutſhland
251 2732 42 19 an.
333 2726 48 27 Bei
405 2727 72 32 ihren
501 2727 175 32 Mordplänen
701 2728 87 31 hatten
812 2728 31 30 ſie
867 2736 25 18 es
918 2731 38 24 be-

0 2759 15 14 “
76 2759 86 29 „Mders
181 2759 46 31 auf
246 2758 91 27 Stalin
357 2760 52 25 und
429 2759 91 33 Troßki
539 2760 142 32 abgeſehen.
716 2761 55 25 Uns
790 2763 110 24 anderen
919 2769 36 18 er-

0 2788 60 16 men-,

4 2808 56 19 ndau
114 2790 31 38 Wint
162 2794 26 23 es
205 2792 113 32 zunächſt
333 2792 106 32 ſeltſam,
455 2794 49 30 daß
519 2793 190 31 rechtsradikale
726 2794 230 32 Geheimgruppen,

0 2832 8 21 3
23 2830 51 27 14531.

115 2824 81 32 bisher
212 2832 50 20 nur
279 2825 124 32 politiſche
419 2825 100 33 Gegner
534 2826 26 27 in
575 2826 168 31 Deutſchland
760 2828 195 26 niederknallten

50 2864 29 17 inaſd
106 2859 64 34 den
186 2858 216 32 Bolſchewismus
417 2859 42 26 als
473 2859 79 31 beſten
567 2859 225 32 Bundesgenoſſen
808 2862 148 29 betrachten,

54 2892 5 6 4
125 2891 59 31 Jdee
208 2891 86 34 gefaßt
319 2892 82 31 haben
426 2892 96 31 ſollten,
547 2893 46 26 den
619 2893 71 31 heute
716 2894 107 32 ziemlich
849 2894 106 33 einfluß-

24 2933 102 25 Offeruſüſn
143 2924 92 33 Troßki
252 2925 193 32 umzubringen.
479 2925 65 27 Wa3
563 2926 47 26 das
628 2926 54 30 Gift
698 2927 104 31 betrifft,
818 2928 24 30 fo
861 2927 27 31 iſt
905 2933 50 20 von

0 2957 19 21 1f
37 2955 73 27 VoſYk
157 2958 175 30 fſtudentiſhen
386 2958 134 33 Freunden
555 2960 42 25 der
634 2959 164 33 Verhafteten
837 2961 25 25 in
916 2962 40 25 der

106 2991 67 26 liner
188 2991 132 33 Apotheke,
336 2991 39 28 die
390 2994 27 24 es
434 2992 110 31 geliefert
560 2992 52 31 hat,
628 2993 135 31 feſtgeſtellt
779 2995 111 29 worden,
907 2995 49 30 daß

0 3034 44 21 ehlt
63 3023 75 27 ftſein
153 3024 87 27 Mittel
272 3032 60 25 gegen
347 3024 121 27 Malaria
483 3025 35 31 iſt.
549 3025 128 32 Jndeſſen,
693 3026 38 25 die
747 3026 101 32 Tſcheka
864 3028 91 25 erklärt

0 3057 79 29 -harloi"
136 3058 48 31 daß
204 3058 32 32 ſie
256 3058 124 32 imſtande
401 3058 40 31 ſei,
462 3058 42 26 all'
526 3058 88 32 unſere
634 3058 104 33 Zweifel
760 3067 28 24 zu
811 3060 143 32 zerſtreuen.

0 3087 81 45 einf
127 3092 71 32 beſitt
218 3092 198 30 „Dokumente“,
437 3093 39 25 die
496 3093 31 31 ſie
546 3092 77 28 leider
645 3093 64 30 nicht
729 3093 68 32 zeigt.
833 3093 123 32 Nachdem

57 3123 25 8 *
120 3125 151 32 Bongſtvollen
292 3125 97 31 Eltern,
408 3125 39 27 die
466 3125 125 33 deutſchen
617 3125 170 33 Amtsſtellen,
816 3127 38 26 die
881 3134 75 25 ange-

1 3164 83 22 rus
118 3159 61 26 Zifwnſten
204 3159 128 31 deutſchen
356 3158 254 33 Univerſitätzlehrer
634 3160 53 25 und
711 3160 94 26 andere
828 3160 127 32 Perſonen

2 3189 79 46 Mme
109 3209 1 3 |
134 3192 107 26 Monate
264 3192 121 33 hindurch
407 3192 136 32 vergeblich
565 3192 109 32 verſucht
695 3192 96 32 hatten,
812 3194 145 31 irgendeine

1 3236 22 23 ße
44 3223 24 33 485,
121 3225 62 32 Whricht
203 3225 62 27 über
284 3226 49 25 das
352 3225 126 31 Befinden
499 3226 43 26 der
560 3225 200 32 Eingekerkerten
780 3233 28 25 zu
827 3227 129 31 erlangen,

129 3266 57 19 man
213 3259 27 26 in
266 3259 42 27 der
333 3258 106 33 vorigen
464 3258 88 32 Woche
578 3260 52 25 dem
656 3258 90 27 Rektor
770 3260 43 27 der
839 3259 118 27 Berliner

0 3297 79 27 ganteſte
112 3291 107 32 Wverſität,
260 3292 129 32 Profeſſor
431 3290 65 30 Holl,
538 3292 43 26 der
622 3292 43 31 ſich
706 3293 167 32 warmherzig
916 3294 41 30 für

0 3320 83 43 ee
138 3325 158 33 Freilaſſung
337 3325 122 33 eingeſeßt
498 3325 76 32 hatte,
613 3325 104 36 einen
757 3325 104 31 Brief
899 3328 58 24 des

0 3371 19 18 -g
33 3366 43 18 5140.
92 3353 26 41 WW.
133 3358 248 27 Kindermann
418 3357 155 32 überbracht.
623 3358 179 26 Kindermann
840 3360 53 30 ſagt
929 3359 27 25 in

0 3401 61 30 yer,
117 3399 30 19 Wem
161 3392 95 31 Briefe,
287 3392 54 28 „die
373 3392 74 32 durch
479 3392 31 25 G.
525 3391 29 32 P.
572 3391 27 38 U.
632 3392 231 37 unternommenen
879 3393 76 32 Nach-

1 3419 31 18 6
46 3422 36 18 (Mh
118 3426 117 33 ungen“
253 3426 87 32 hätten
356 3426 114 31 ergeben,
486 3424 49 32 daß
550 3424 65 32 ſeine
630 3425 88 26 beiden
734 3425 221 31 Reiſekameraden

0 3441 80 47 et,
123 3462 36 27 Miher
181 3460 29 26 in
233 3459 170 32 Deutſchland
427 3458 26 27 in
477 3458 157 32 faſciſtiſchen
658 3458 102 31 «Kreiſen
784 3459 43 31 ſich
851 3459 106 32 betätigt

3 3520 77 17 En
122 3494 46 29 en“,
185 3494 55 26 und
259 3493 66 32 „daß
342 3492 54 34 ihre
413 3491 194 32 Reiſeabſichten
625 3492 81 25 andre
724 3493 42 24 als
785 3492 171 32 wiſſenſchaft-

0 3533 2 4 |
38 3524 9 13 1]

0 3541 50 24 raße
82 3528 49 22 M:
147 3527 109 32 geweſen
272 3526 73 33 ſeien.
376 3526 34 27 Er
426 3525 68 32 ſelbſt
509 3525 64 32 habe
588 3526 86 25 davon
690 3524 80 32 nichts
787 3526 101 31 gewußt
904 3527 52 25 und

119 3567 7 19 e
144 3561 41 32 fich
209 3560 140 33 „während
373 3561 42 25 der
438 3559 190 32 Unterſuchung
651 3563 51 21 von
726 3559 42 26 der
792 3559 165 32 Objektivität

0 3593 76 33 tklaffiz.
92 3588 21 46 MW
124 3594 300 33 Unterſuchungsorgane
440 3592 157 33 überzeugt“.
630 3592 34 26 Er
682 3592 62 31 habe
762 3599 34 31 zu
809 3592 83 38 dieſen
909 3593 48 27 Or-

0 3617 78 49 EEE
119 3634 21 18 en
148 3628 211 28 „vollkommenes
366 3626 171 27 Vertrauen“.
562 3626 52 26 Der
621 3625 146 31 Verhaftete
776 3625 70 26 bittet
863 3621 95 42 de8halb

0 3662 153 34 <tenbefohl
168 3663 46 26 den
229 3661 90 27 Rektor
333 3660 48 27 wie
395 3660 39 26 die
446 3659 109 32 deutſche
569 3659 154 32 Regierung,
738 3658 80 32 nicht3
833 3659 85 26 weiter
933 3660 26 26 in

3 3697 83 28 ausbeſſ/W
124 3694 71 33 Sache
211 3702 30 27 zu
256 3694 195 32 unternehmen,
466 3694 53 25 und
536 3700 26 19 er
578 3692 55 38 fügt
649 3692 156 37 beruhigend
822 3692 83 33 hinzu,
922 3694 38 25 die

0 3711 62 40 vſtraße
77 3724 9 13 1!
117 3729 125 32 jandlung,
262 3728 39 27 die
323 3728 53 32 ihm
396 3726 75 34 zuteil
492 3727 89 27 werde,
603 3731 31 26 ſei
658 3726 193 31 „aufmerkſam,
873 3731 86 28 zuvor-

5 3751 184 41 eimufanend
205 3764 53 26 und
274 3761 116 27 korrekt".
408 3782 6 6 .
432 3781 5 6 .
456 3760 75 30 „Von
548 3761 48 24 den
612 3759 138 30 Schre>en,
766 3759 62 27 über
843 3759 40 26 die
899 3766 61 19 man

0 3787 33 48 ße
45 3787 30 48 19
131 3796 139 32 Weutſchland
284 3795 97 32 ſpricht,
394 3794 64 33 habe
472 3793 33 32 ich
519 3793 27 26 in
560 3793 42 26 der
618 3792 56 32 Zeit
699 3792 85 27 meiner
804 3787 157 48 Verhaftung

0 3822 91 44 trbeit.
123 3829 15 26 Wb.
154 3830 27 30 P.
197 3830 29 27 U.
243 3828 81 32 nichts
341 3828 126 27 bemerken
486 3827 119 26 können."
640 3826 49 26 Am
707 3826 110 31 Schluſſe
834 3827 126 30 verſichert

0 3869 48 20 33.
129 3862 194 33 Briefſchreiber,
351 3868 27 20 er
406 3861 58 32 gebe
493 3859 77 33 „dieſe
591 3859 176 38 Erklärungen
795 3861 51 23 aus
874 3859 87 30 freiem

0 3899 65 32 Tag
131 3903 23 19 Wen
172 3898 53 25 und
245 3895 75 34 freier
340 3894 155 33 Jnitiative“
515 3894 40 29 ab,
575 3894 52 25 und
648 3893 80 31 „ohne
746 3892 71 32 jeden
838 3892 124 33 Zwang“.

0 3922 30 22 be
45 3922 30 44 M.
123 3935 19 22 zu
157 3930 42 31 ſich
215 3930 27 33 ja
258 3929 67 33 jeder
340 3929 50 26 das
406 3927 107 32 Seinige
529 3927 92 27 denken
638 3927 74 26 kann.
868 3958 4 5 .

0 3957 16 37 *
25 3956 130 36 wide
179 3963 185 28 Verwandten,
391 3960 39 28 die
455 3960 92 33 Lehrer
572 3960 53 25 und
652 3959 118 33 Freunde
797 3959 42 25 der
865 3965 96 35 jungen

0 3987 24 47 m
0 3996 139 31 Kine
155 3998 99 26 werden
272 3996 41 28 die
332 3995 187 32 Erzählungen,
538 3993 39 27 die
596 4001 55 19 nun
671 3997 51 22 von
741 3993 43 26 der
804 3991 145 39 „Jſtweſtia

0 4026 92 28 Heider
122 4031 71 26 Wroitet
226 4031 53 26 und
311 4030 27 25 in
369 4029 40 26 die
440 4028 67 27 Welt
538 4026 207 33 hinausgeſchikt
776 4026 109 28 werden,
916 4025 47 26 mit

0 4056 84 23 Ei
641 4060 101 25 ielleiht
779 4059 90 26 immer
904 4058 59 27 noh

64 4069 95 25 fer
192 4063 205 32 Ueberraſchung
433 4061 64 32 leſen
533 4061 54 25 und
621 4059 109 40 vielleich
875 4093 9 6 3
955 4085 5 5 )

0 4078 62 22 228
124 4095 58 33 feln,
224 4096 108 35 obgleih
376 4094 127 33 natürlih
547 4093 61 32 au<
653 4093 32 32 ſie
729 4094 43 25 der
816 4092 147 39 bewährten

0 4133 48 30 ante
131 4131 33 26 Wfa
218 4132 48 26 das
322 4128 153 34 allergrößte
522 4128 147 26 Bertrauen
724 4125 238 34 entgegenbringen.

0 4154 91 43 reiſen.
131 4170 12 19 Mn
176 4165 86 33 biaher
300 4164 88 32 hatten
434 4162 31 31 ſie
510 4160 43 33 ſich
598 4164 51 22 von
688 4161 56 25 dem
782 4160 97 28 Weſen,
915 4160 48 25 den

0 4199 74 28 hrung
85 4200 63 24 "Wen
163 4202 54 24 und
231 4200 203 26 Anſchauungen
448 4196 136 31 beſonders
600 4197 43 24 des
658 4194 179 27 Kindermann
854 4195 51 25 und
922 4195 43 25 des

0 4227 83 30 aſtr.
126 4230 44 33 %Wiſcht
189 4233 57 27 ein
266 4198 88 67 208
371 4203 155 53 anderes
545 4227 83 28 Bild
648 4227 154 39 gemacht.
838 4227 45 32 I<
904 4227 61 32 habe

0 4251 91 52 är;
130 4265 44 26 drei
190 4266 72 27 eines
277 4265 87 32 Tages
380 4263 92 26 kennen
489 4261 104 33 gelernt,
609 4260 43 39 als
668 4260 39 31 ſie,
722 4262 48 25 mit
785 4260 47 26 den
850 4259 114 38 Empfeh

0 4308 24 14 n.
44 4299 118 27 Hanſen
178 4300 219 33 hervorragender
413 4295 167 33 Profeſſoven,
596 4293 194 41 linksſtehender
808 4296 53 24 und
878 4294 88 38 rechts-

0 4332 95 38 fertig"
130 4335 70 28 Wender,
221 4331 160 34 ausgerüſtet
403 4331 52 25 und
476 4329 71 38 ſchon
567 4329 47 37 mit
634 4327 67 26 allen
722 4328 99 30 Päſſen,
843 4327 123 38 Scheinen

0 4356 34 41 168
43 4359 43 36 7388.
124 4376 4 10 d
147 4366 177 33 Einladungen
345 4363 125 32 verſehen,
491 4362 39 27 bei
545 4369 57 30 mir
622 4360 165 38 vorſprachen
811 4362 60 26 und,
894 4360 73 38 gleich

0 4402 86 29 “Str.
129 4405 23 18 Men
174 4402 121 28 anderen,
318 4399 109 32 fragten,
451 4396 31 26 'ob
505 4393 176 33 Reiſeberichte
704 4394 168 26 willkommen
897 4389 69 47 ſeien.

136 4431 88 35 ſuchten
241 4435 39 31 ſie,
296 4431 117 35 offenbar
431 4429 53 38 hier
501 4429 57 36 und
569 4428 58 36 dort
644 4427 145 39 anpochend
805 4442 30 22 --
851 4428 60 30 auch
930 4428 37 37 bei

127 4466 180 36 duſtriefirmen,
317 4466 59 27 was
387 4469 63 23 man
461 4461 78 35 ihnen
551 4460 50 34 jeßt
613 4466 27 20 in
649 4458 113 30 Mozkau
774 4460 42 26 als
826 4459 139 33 „Handels

2 4474 88 20 reiswert.

161 459 1063 329 Berliner

920 829 182 74 und
1145 826 809 88 Handels-Zeitung

377 1017 264 154 Die
714 1018 927 177 Verhaftungen
1717 1020 125 151 in
1916 1018 593 153 Moskau,.

975 1923 14 1675 PEET
965 2693 28 48 Rg
965 2657 28 6 R
965 2560 28 94 RRgRRRgRgpRpPpPr
965 2539 28 19 ry
965 2534 28 4 yr
965 2517 28 14 rT
975 1923 14 493 NR

1161 365 508 105 Abend-Ausgabe

1576 453 1127 339 Tageblatt

2317 363 268 45 Einzel-Nummer
2596 361 50 35 10
2653 349 143 55 Pfennig.

2314 391 71 34 Prentice
2396 395 401 26 debbie

2246 817 148 40 Montag.
2412 818 59 32 16.
2488 814 139 40 Februar
2643 813 102 34 19235

2172 878 64 23 Druck
2251 880 43 21 und
2307 877 77 24 Verlaa
2399 880 40 18 von
2484 882 11 15 Ru
2506 874 62 23 doi
2583 872 93 24 Moſſe
2690 872 22 22 in
2727 866 98 28 Berlin."

1087 1237 140 115 die
1276 1238 629 131 eingekerkerten
1947 1237 298 131 jungen
2291 1230 451 134 Deutſchen.

1159 1409 92 69 Bas.
1275 1415 57 51 die
1353 1414 144 58 Tſcheka
1518 1415 214 58 behauptet.

1087 1485 210 29 Celegramm
1322 1485 134 29 unſere8
1479 1487 327 26 Korretyrondenten.)

1473 1530 55 30 dü.)
1546 1530 128 28 Moskau,
1691 1531 31 21 15.
1741 1529 110 29 Februar.

1044 1565 192 33 Anknüpfend
1206 1561 32 41 an
1256 1565 47 23 eine
1320 1566 168 28 bevorſtehende
1506 1566 178 28 Interpellation
1703 1567 37 22 der
1788 1566 105 29 Sozial-

1003 1599 203 22 demofkraten
1223 1599 30 22 im
1267 1599 145 27 Reichstag
1448 1599 54 23 über
1516 1600 34 22 die
1564 1599 214 29 Gefangenhaltung
1793 1600 38 22 der
1845 1599 47 23 drei

1004 1631 82 28 jungen
1101 1631 118 27 Deutſchen
1234 1631 23 22 in
1272 1632 98 23 Moskau
1386 1634 46 21 und
1446 1633 82 22 andere
1544 1632 93 28 deutſche
1653 1632 134 28 Gefangene,
1801 1632 34 23 die
1850 1634 43 21 aus

1004 1664 124 28 politiſchen
1148 1664 109 23 Gründen
1275 1664 22 23 in
1319 1664 113 28 ruſſiſchen
1452 1665 158 28 Gefängniſſen
1630 1665 143 28 feſtgehalten
1793 1666 101 25 würden,

1004 1696 88 28 ſchreibt
1112 1696 34 23 die
1166 1695 153 30 „Jsweſtija“,
1340 1697 56 29 dieſe
1416 1697 180 28 Interpellation
1616 1698 28 28 ſei
1662 1698 87 28 durch
1768 1698 48 23 die
1835 1698 60 24 Or-

1005 1729 191 28 ganiſation
1219 1730 120 27 Conſul
1361 1731 207 23 vorbereitet
1591 1731 43 27 (!!),
1656 1731 35 22 die
1709 1731 66 28 durch
1796 1731 98 28 Finanz-

1005 1764 44 20 und
1069 1762 167 27 Handelsfreiſe
1255 1763 39 27 auf
1314 1763 33 22 die
1366 1763 225 27 Sozialdemokraten
1610 1763 128 29 eingewirkt
1757 1764 61 28 habe.
1853 1764 42 23 Die

1005 1795 145 27 „Jsweſtija“
1174 1796 83 27 beklagt
1281 1796 37 28 ſich
1341 1796 78 22 weiter
1438 1796 54 23 über
1515 1796 33 23 die
1570 1799 131 26 Kampagne
1724 1798 37 21 der
1784 1797 111 29 deutſchen

1004 1828 98 24 Blätter,
1125 1828 76 28 welche
1226 1828 33 23 die
1283 1828 158 29 Beziehungen
1464 1836 26 22 zu
1515 1829 191 28 Sowjetrußland
1729 1830 166 28 verſchlechtern

1006 1860 57 28 ſolle,
1079 1861 45 22 und
1144 1861 61 27 fährt
1225 1862 59 22 dann
1304 1861 55 28 fort:
1392 1862 65 25 „Wir
1477 1862 47 28 ſind
1541 1862 24 23 in
1584 1863 37 22 der
1639 1862 63 29 Lage,
1722 1869 29 16 an
1770 1863 65 28 Hand
1855 1869 41 17 un-

1005 1893 155 26 beſtreitbarer
1183 1893 144 26 Dokumente,
1350 1894 35 23 die
1406 1895 38 22 der
1467 1894 213 29 Sowjetregierung
1698 1902 41 21 zur
1761 1895 135 30 Verfügung

1005 1926 77 26 ſtehen,
1100 1926 169 29 nachzuweiſen,
1287 1927 43 27 daß
1349 1927 54 28 dieſe
1420 1927 98 29 „jungen
1537 1928 120 28 Gelehrten
1676 1928 142 29 Fälſcher
1837 1933 59 19 von

1005 1958 218 24 Dokumenten
1263 1960 60 22 und
1358 1960 124 28 Spione
1518 1960 61 28 ſind,
1611 1960 35 24 die
1680 1961 47 23 eine
1758 1961 139 29 deutſche

1005 1991 249 29 faſciſtiſche
1294 1992 319 29 Organiſation
1654 2000 27 22 zu
1722 1994 174 29 terroriſtiſchen

1005 2024 97 28 Zwecken
1152 2025 52 27 nach
1254 2025 98 23 Moskau
1401 2025 205 31 abkommandierte
1634 2043 5 7 .
1656 2044 5 6 .
1676 2045 5 5 .
1699 2028 17 21 .“
1766 2027 57 26 „Die
1852 2027 45 24 Or-

1005 2057 128 28 ganiſation
1181 2058 199 27 „Conſul“
1431 2059 38 28 hat
1490 2053 14 39 -
1519 2059 83 23 bereits
1654 2060 53 22 1923
1757 2060 140 28 beſchloſſen,

1007 2090 48 27 ihre
1099 2090 156 29 terroriſtiſche
1291 2091 111 29 Tätigkeit
1445 2092 158 29 auszudehnen
1647 2094 46 22 und
1737 2092 63 24 einen
1836 2093 62 28 Plan

1006 2123 166 27 ausgearbeitet
1193 2123 38 24 für
1252 2123 174 24 Attentate
1448 2124 39 28 auf
1509 2125 180 28 hervorragende
1712 2126 186 28 kommuniſtiſche

1008 2156 180 22 Staatsmänner
1221 2156 23 23 in.
1275 2157 105 23 Mos8kau.
1427 2158 42 26 Im
1501 2157 121 30 Dezember
1656 2159 53 22 1923
1740 2160 78 22 wurde
1850 2159 48 23 eine

1007 2188 93 28 Gruppe
1149 2189 79 22 Karl
1276 2189 244 24 Kindermann8
1569 2191 41 23 mit
1660 2192 38 22 der
1745 2192 153 28 Ausführung

1007 2222 37 21 des
1061 2222 85 27 Planes
1161 2222 40 26 auf
1217 2222 122 28 ruſſiſchem
1355 2223 77 23 Boden
1448 2223 136 29 beauftragt.
1599 2223 42 28 Im
1657 2224 54 29 Juli
1728 2225 52 22 1924
1794 2225 60 28 hatte
1872 2225 26 27 ſie

1005 2253 60 28 ſchon
1081 2260 56 23 ganz
1154 2254 121 27 beſtimmte
1321 2256 208 28 Anweiſungen
1546 2256 108 28 erhalten,
1673 2257 65 23 deren
1755 2257 53 28 erſte
1825 2257 72 28 Opfer

1006 2287 272 29 ſowjetruſſiſche
1316 2289 260 24 Staat8männer
1613 2290 31 23 in
1681 2291 134 23 MoSkau
1852 2291 45 27 ſein

1008 2320 85 28 ſollten.
1131 2320 43 24 Die
1198 2321 147 29 „Jsweſtija“
1370 2322 134 29 behauptet,
1528 2323 43 28 daß
1596 2330 40 22 zur
1661 2323 150 30 Maxsfierung
1836 2324 62 28 ihrer

1005 2352 111 30 Abſichten
1137 2354 34 23 die
1193 2353 44 29 jekt
1258 2355 147 27 Verhafteten
1440 2356 37 28 fich
1498 2362 30 16 an
1550 2356 33 23 die
1603 2356 193 29 Kommuniſtiſche
1818 2356 78 28 Partei

1005 2387 189 28 heranmachten,“
1211 2395 38 16 uur
1270 2388 24 22 in-
1317 2389 36 23 die
1374 2388 38 23 ton
1424 2389 149 28 muniſtiſchen
1590 2389 80 24 Kreiſe
1691 2390 110 24 Moskaus
1823 2391 76 29 einzu

1005 2419 101 29 dringen.
1140 2420 41 24 Sie
1201 2420 102 28 fälſchten
1323 2420 34 24 die
1372 2421 202 30 Mitgliedskarten
1602 2422 118 28 (Warum?
1742 2423 42 25 Sie
1803 2423 95 24 konnten

1006 2453 22 28 ja
1049 2453 54 28 ec<hte
1123 2453 77 28 haben.
1228 2454 29 24 D.
1275 2454 78 27 Red.)
1374 2456 46 22 und
1440 2454 272 31 Beglaubigungskarten,
1733 2458 105 22 wandten
1860 2457 36 28 ſich

1005 2493 29 17 an
1061 2487 92 23 liberale
1179 2487 105 27 Gelehrte
1310 2487 167 29 Deutſchlands,
1519 2490 79 25 „deren
1623 2490 274 29 Empfehlungsſchreiben

1005 2520 68 28 ihnen
1096 2520 51 28 auch
1170 2520 34 23 die
1227 2521 48 24 Tür
1307 2527 51 23 zum
1389 2521 186 30 Arbeitszimmer
1606 2523 146 29 Theodor
1776 2523 122 30 Wolffs

1006 2554 103 27 öffneten,
1127 2555 38 22 der
1183 2554 37 28 ſich
1238 2554 167 29 einverſtanden
1422 2555 101 26 erklärte,
1541 2555 211 30 Korreſpondenzen
1769 2559 42 21 aus
1829 2556 69 29 Fern-

1007 2587 104 23 Sibirien
1133 2588 237 28 entgegenzunehmen,
1392 2590 46 22 und
1467 2589 64 23 einen
1548 2589 112 29 Vorſchuß
1689 2594 44 19 von
1755 2591 55 23 2000
1831 2590 68 23 Mark

1006 2620 140 29 bewilligte“,
1182 2620 84 25 Weiter
1289 2622 104 23 wandten
1416 2622 37 30 fich
1475 2622 34 24 die
1530 2622 120 30 Reiſenden
1679 2630 30 17 an
1732 2625 39 23 den
1793 2623 106 30 Michael-

1940 1411 103 29 Konzern
2062 1411 45 23 und
2125 1417 29 17 an
2172 1411 40 23 das
2230 1410 128 29 Modehaus
2377 1408 85 28 Rudolf
2480 1407 94 30 Herkog,
2594 1406 34 24 die
2646 1405 65 30 dafür
2731 1403 101 38 Wirt-

1940 1444 276 29 fſchafts8ſpionage
2240 1443 26 27 (!)
2290 1450 26 22 zu
2339 1443 65 27 ihren
2428 1442 99 27 Gunſten
2550 1441 120 28 forderten.
2705 1439 77 36 Veber
2797 1439 34 21 die

1941 1478 146 28 Perſonalien
2102 1478 59 28 ſagte
2176 1479 38 22 der
2230 1477 94 23 Artikel:
2339 1476 42 24 Dr.
2425 1476 52 22 Karl
2519 1475 193 22 Kindermann
2726 1467 106 44 ſtudierte

1943 1513 86 21 1922/23
2046 1511 180 28 Kriminalrecht,
2244 1509 195 29 vervollſtändigte
2459 1508 57 28 ſeine
2534 1506 154 31 theoretiſchen
2705 1504 127 28 Kenntniſſe

1941 1551 31 17 im
1995 1545 88 28 Dienſte
2103 1543 60 25 eine8
2185 1544 201 24 Detektivbureaus
2409 1543 23 23 in
2454 1542 89 24 Berlin.
2580 1541 79 28 Einige
2681 1540 93 23 Beamte
2797 1540 37 36 des

1942 1579 106 23 Berliner
2065 1577 226 29 Polizeipräſidiums
2309 1579 83 21 können
2410 1575 165 30 ausführlicher
2593 1575 54 23 über
2666 1574 38 26 ihn
2722 1572 112 28 Auskunft

1943 1613 73 27 geben.
2047 1613 56 27 Max
2119 1617 20 18 v.
2156 1611 249 28 Ditmaringen,
2422 1609 60 23 alias
2498 1609 102 25 Ditmar,
2616 1609 25 27 iſt
2658 1607 116 27 Eſtländer
2790 1606 45 23 und

1942 1636 43 32 von
2007 1647 37 21 der
2066 1645 163 29 Organiſation
2251 1644 109 27 „Conſul“
2384 1643 42 24 mit
2447 1642 150 24 Terrorakten
2618 1637 134 45 beauftragt.
2788 1639 47 23 Der

1942 1679 84 23 Artikel
2043 1679 86 28 ſchließt
2147 1678 41 23 mit
2205 1680 37 21 der
2259 1678 124 28 Hoffnung,
2400 1677 43 28 daß
2461 1676 35 23 die
2512 1675 122 29 öffentliche
2651 1675 111 27 Meinung
2780 1669 55 45 aller

1943 1712 76 27 Kreiſe
2033 1712 22 23 in
2071 1712 146 28 Deutſchland
2234 1711 43 29 jeßt
2294 1711 64 28 ihren
2374 1711 96 28 Jrrtum
2486 1709 107 29 einſehen,
2610 1709 34 23 die
2659 1708 128 28 Regierung
2803 1708 34 22 die

1944 1746 174 24 „Verleumder“
2142 1751 50 22 zum
2215 1745 127 28 Schweigen
2366 1744 96 27 bringen
2485 1744 80 22 werde.
2602 1742 43 23 Die
2667 1742 31 23 im
2721 1740 115 28 Reichstag

1944 1780 102 27 geplante
2066 1778 177 28 Interpellation
2263 1779 114 27 verlange,
2396 1777 134 28 wenigſtens
2550 1776 51 28 nach
2622 1776 71 27 ihrem
2712 1774 124 24 Wortlaut,

1945 1813 42 27 daß
2010 1813 35 22 die
2068 1812 136 28 deutſche
2226 1811 186 29 Regierung
2437 1811 48 22 die
2508 1809 182 29 Befreiung
2714 1810 52 22 der
2789 1813 48 23 ge-

1944 1845 322 29 fangengehaltenen
2292 1844 185 28 Deutſc<en,
2505 1844 73 28 ſofern
2605 1844 23 21 es
2654 1842 37 29 ſich
2717 1837 55 46 nicht
2800 1847 38 17 um

1944 1885 57 23 ganz
2017 1878 144 28 gewöhnliche
2177 1877 132 28 Verbrecher
2327 1877 88 29 handle,
2431 1877 38 26 „in
2485 1876 177 29 entſprechender
2678 1876 70 28 Weiſe
2764 1874 74 27 durch-

1945 1912 74 29 jehen“"
2041 1911 57 28 ſolle.
2134 1911 43 24 Die
2197 1910 180 30 Juterpellation
2397 1910 28 29 ſei
2446 1911 61 28 wohl
2528 1911 64 22 kaum
2611 1909 107 28 überlegt.
2754 1908 84 37 Würde

1946 1948 22 21 es
2012 1945 23 23 in
2076 1944 146 30 Deutſchland
2263 1944 131 28 verſtanden
2437 1944 96 26 werden,
2576 1948 65 18 wenn
2663 1943 34 23 die
2740 1938 98 46 Sowjet-

1946 1979 121 29 regierung
2103 1982 44 19 von
2184 1979 37 22 der
2258 1978 110 27 deutſchen
2405 1977 129 29 Regierung
2571 1977 123 28 verlangte,
2733 1975 42 28 daß
2812 1980 27 23 ſie

1947 2011 295 29 Sowjetſtaat8angehörige
2262 2011 23 23 in
2304 2011 147 28 Deutſchland
2470 2010 123 29 gleichfalls
2613 2009 108 30 freiließe,
2739 2008 101 29 ledigvich

1947 2044 50 23 weil
2017 2044 27 26 ſie
2063 2043 69 27 „nicht
2148 2043 146 28 gewöhnliche
2312 2043 133 27 Verbrecher
2466 2042 74 27 ſind“?
2575 2041 32 29 Jv
2628 2041 211 35 Deutſchland

1947 2076 42 28 ſive
2014 2075 47 24 eine
2085 2075 88 28 Anzahl
2198 2074 312 29 Sowjetſtaatsangehöriger
2536 2079 73 23 wegen
2635 2069 124 44 politiſcher
2784 2072 55 24 Ver-

1947 2108 95 27 brechen,
2059 2108 56 27 ohne
2131 2107 42 26 daß
2188 2107 76 27 bi8her
2280 2106 49 24 eine
2344 2106 164 27 Intervention
2525 2107 37 22 der
2578 2105 212 28 Sowjetregierung
2806 2110 33 30 er

1948 2140 56 28 folgt
2023 2141 67 21 wäre.
2122 2139 42 24 Die
2184 2138 93 28 deutſche
2298 2138 117 30 juriſtiſche
2434 2138 101 28 Poſition
2555 2139 73 22 werde
2645 2136 67 27 durch
2727 2137 113 35 derartige

1949 2172 161 28 Forderungen
2137 2172 123 28 gegenüber
2289 2169 191 29 Sowjetrußland
2507 2176 44 16 nur
2579 2168 132 29 geſchwächt.
2751 2170 89 33 Soweit

1948 2204 34 23 die
2001 2203 142 28 „I3weſtia“.
2174 2203 56 24 WaZ3
2249 2202 33 23 die
2298 2203 69 23 drei
2387 2202 120 28 jungen
2525 2200 160 29 Deutſ<en
2705 2201 95 35 angeht,
2819 2205 22 22 jo

1949 2236 53 28 liegt
2028 2235 47 23 eine
2100 2234 143 28 amtliche
2265 2234 122 27 öffentliche
2412 2233 137 29 Mitteilung
2573 2233 39 23 der
2639 2232 201 27 Sowjetbehörden

1949 2268 53 23 über
2024 2268 64 27 ihren
2110 2267 49 28 Fall
2180 2267 80 22 immer
2281 2266 51 26 noh
2351 2266 55 26 nicht
2426 2270 48 18 vor.“
2509 2265 30 22 Es
2560 2264 26 28 iſt
2605 2264 53 35 ſehr
2675 2270 26 23 zu
2721 2259 119 44 wünſchen,

1949 2300 42 27 daß
2010 2299 34 23 dis
2061 2298 164 29 Unterſuchung
2243 2297 154 29 möglichſt
2415 2297 113 28 ſchnell
2546 2296 154 28 beendigt
2719 2296 57 21 wird
2794 2297 47 21 und

1951 2333 59 22 dann
2036 2331 48 23 eine
2111 2330 107 30 völlig
2245 2329 188 29 öffentliche
2455 2328 385 36 Gerichtsverhandlung

1948 2364 64 27 folgt,
2034 2364 54 28 falls
2110 2364 41 32 das
2172 2362 155 30 Endergebnis
2349 2363 38 22 der
2411 2361 181 31 gegenwärtigen
2614 2358 165 31 Unterſuchung
2801 2365 40 23 zur

1950 2389 211 38 Anklageerhebfwmig
2183 2395 72 32 führt,
2383 2429 22 24 v
2453 2406 192 35 detechider
2683 2407 97 22 etileheiigl

1995 2470 64 32 Auch
2075 2469 36 29 die
2127 2475 59 21 neue
2202 2468 155 38 Darſtellung
2373 2469 41 25 der
2432 2467 155 39 „Jsweſtija"
2605 2467 157 38 hat,
2672 2462 39 48 wie
2723 2462 45 48 wir
2772 2466 81 36 durch

1951 2504 111 36 Umfrage
2084 2502 126 33 feſtgeſtellt
2233 2502 87 32 haben,
2344 2509 26 20 in
2394 2503 52 25 dem
2468 2500 79 28 Kreiſe
2571 2502 144 29 derjenigen,
2738 2501 36 36 die
2797 2499 45 37 mit

1950 2536 44 27 Dr.
2012 2535 168 28 Kindermann
2198 2540 50 24 und
2266 2535 98 32 Wolſcht
2382 2534 101 26 bekannt
2502 2536 55 24 oder
2574 2533 140 38 befreundet
2731 2533 59 37 ſind,
2807 2533 35 24 die

1952 2570 188 31 Ueberzeugung
2155 2574 47 22 von
2217 2569 40 26 der
2272 2567 118 32 Unſchuld
2405 2571 41 24 der
2460 2567 154 37 Verhafteten
2629 2566 58 36 nicht
2701 2564 144 32 erſchüttert,

1953 2602 55 29 Wir
2024 2602 127 33 verweiſen
2167 2603 42 33 auf
2225 2604 43 25 den
2286 2601 201 32 nebenſtehenden
2504 2599 216 29 Leitartifel,

1004 2683 57 38 GELN
1065 2683 23 38 HTE
1091 2683 42 38 REET
1141 2683 25 38 VAE
1170 2683 53 38 WETRIRK
1229 2683 15 38 RE
1248 2683 84 38 BEOREFUHRER
1338 2683 8 38 SP
1350 2683 20 38 WIS
1374 2683 53 38 VERENA
1431 2683 32 38 WTERGO
1479 2683 15 38 7
1500 2683 25 38 MORE
1528 2683 37 38 EEREES
1571 2683 37 38 CHF
1623 2683 23 38 BREE
1652 2683 58 38 HRRRSIN
1723 2683 53 38 SDIRUN
1785 2683 41 38 BETE
1830 2683 34 38 HNESE
1868 2683 18 38 EN
1897 2683 53 38 SOGEN
1961 2683 39 38 ÖIPEI
2008 2683 3 38 E
2018 2683 65 38 HRRGSNEING
2094 2683 69 38 EISERNEN
2170 2683 43 38 WEN“
2220 2683 24 38 GE
2255 2683 113 38 EFRON
2374 2683 27 38 REIE
2405 2683 15 38 IE
2429 2683 38 38 EEN
2474 2683 20 38 EEE
2502 2683 8 38 WR
2516 2683 25 38 UET
2547 2683 39 38 IREN
2590 2683 22 38 NCE
2616 2683 41 38 IUEIS
2659 2683 29 38 ORE
2695 2683 31 38 HRR
2735 2683 41 38 HRN
2792 2683 51 38 BEE

1008 2743 130 33 ſpionage"
1156 2745 101 32 auslegt
1274 2760 30 5 --
1322 2745 54 32 ihre
1393 2753 100 25 magere
1510 2746 129 32 Reiſekaſſe
1657 2748 164 31 aufzufüllen.
1856 2749 45 32 Jh

1008 2777 91 32 machte
1116 2777 75 32 ihnen
1208 2777 59 29 klar,
1284 2779 50 29 daß
1350 2779 47 26 wir
1416 2778 131 33 kundigere
1564 2779 162 30 Mitarbeiter
1743 2782 87 30 hätten
1849 2784 52 24 und

1007 2809 42 37 für
1073 2811 54 26 eine
1152 2811 240 33 Berichterſtattung
1417 2813 60 27 über
1502 2814 39 26 die
1566 2814 164 26 verwickelten
1755 2815 145 32 wirtſchaft-

1007 2842 75 31 lichen
1103 2845 50 24 und
1172 2843 141 32 politiſchen
1331 2845 134 31 Probleme
1483 2845 230 33 Sowjetrußland8
1731 2847 169 33 unerfahrene

1008 2875 268 38 Forſchungsreiſende
1289 2879 64 29 nicht
1367 2879 142 32 brauchten,
1524 2881 51 25 und
1590 2880 59 31 hielt
1662 2881 84 32 ihnen,
1761 2882 46 27 wie
1821 2882 81 33 gewiß

1008 2910 66 30 jeder
1099 2910 126 32 Befragte,
1250 2911 39 27 die
1313 2912 216 32 Schwierigkeiten
1553 2914 43 26 des
1621 2914 202 31 Unternehmen3
1848 2920 54 21 vor.

1008 2941 56 28 Wir
1081 2943 84 38 kamen
1185 2944 111 29 überein,
1314 2945 49 31 daß
1380 2945 30 32 ſie
1427 2945 96 33 einiges
1541 2947 60 27 über
1618 2948 48 25 das
1683 2947 78 27 Leben
1779 2950 41 25 der
1839 2949 63 27 Stu-

1008 2976 89 36 denten
1112 2984 33 18 an
1159 2977 137 32 ſibiriſchen
1310 2978 186 33 Univerſitäten
1510 2980 118 30 ſchreiben
1642 2981 95 30 ſollten,
1750 2986 50 21 von
1814 2984 88 26 denen,

1008 3013 48 22 wie
1076 3010 52 32 ihre
1148 3010 107 32 Papiere
1276 3011 127 31 bewieſen,
1424 3012 54 27 eine
1498 3012 147 33 Einladung
1668 3022 33 18 an
1722 3014 31 31 ſie
1774 3021 128 27 ergangen

1008 3047 62 23 war.
1102 3043 69 30 Nicht
1190 3051 49 20 nur
1257 3044 54 32 ihre
1329 3049 50 22 von
1398 3047 45 25 den
1461 3046 216 32 ausgezeichneten
1696 3048 134 30 Gelehrten
1850 3054 52 21 ver-

1008 3074 85 33 faßten
1110 3076 167 32 Geleitbriefe,
1294 3078 107 30 ſondern
1418 3079 69 31 mehr
1505 3080 57 29 noch
1576 3080 54 32 ihre
1647 3079 95 33 Friſche
1759 3085 52 24 und
1829 3082 74 32 ſogar

1009 3108 53 31 ihre
1086 3109 45 26 mit
1155 3109 90 33 junger
1271 3111 193 32 Gelehrſamkeit
1487 3112 109 27 vereinte
1619 3113 80 26 etwas
1724 3115 75 26 naive
1822 3115 80 26 Aben-

1009 3142 117 31 teuerluſt
1162 3143 105 27 konnten
1305 3145 161 32 ſympathiſch
1514 3146 111 27 ſtimmen.
1680 3147 49 27 Ein
1764 3148 139 33 politiſches

1009 3175 154 27 Bekenntnis
1208 3178 88 26 wurde
1342 3178 75 31 ihnen
1464 3179 63 32 nicht
1572 3180 158 32 abverlangt,
1777 3183 52 25 und
1876 3185 26 23 es

1010 3209 87 27 wurde
1137 3216 50 20 nur
1228 3210 91 32 geſagt,
1360 3211 50 29 daß
1452 3212 30 28 ſie
1523 3212 142 29 vermeiden
1706 3214 113 31 müßten,
1862 3216 42 32 ſich

1010 3243 46 29 auf
1095 3244 47 24 das
1181 3243 87 27 Gebiet
1308 3245 42 26 der
1389 3245 93 32 Politik
1520 3253 27 25 zu
1587 3246 122 29 verirren.
1767 3248 69 32 Nicht
1877 3256 28 24 zu

1009 3274 135 38 verkennen
1167 3282 63 22 war,
1251 3277 51 32 daß
1323 3278 177 27 Kindermann
1524 3281 51 24 und
1598 3280 105 32 Wolſcht
1724 3281 42 26 als
1788 3281 116 32 Freunde

1011 3309 135 30 auftraten,
1162 3311 119 30 während
1297 3311 111 32 zwiſchen
1425 3311 74 32 ihnen
1516 3313 51 26 und
1584 3314 53 25 dem
1653 3313 93 27 Balten
1761 3319 22 22 v.
1800 3313 103 28 Ditmar

1010 3344 40 26 ein
1065 3344 107 32 weniger
1185 3345 104 26 intimes
1305 3346 150 32 Verhältnis
1470 3347 106 31 beſtand.
1607 3347 48 28 Die
1670 3348 84 28 beiden
1770 3348 132 34 Deutſchen

1010 3377 92 32 zeigten
1117 3377 26 26 in
1157 3380 44 24 der
1216 3379 196 33 Unterhaltung,
1428 3381 48 31 daß
1490 3382 42 25 der
1547 3381 76 27 Balte
1638 3390 50 19 nur
1702 3385 47 25 den
1765 3382 139 33 Dolmetſch

1012 3410 88 31 ſpielen
1119 3411 63 30 ſolle,
1200 3416 50 23 und
1268 3412 91 31 hielten
1376 3413 108 33 Diſtanz.
1517 3414 50 27 Der
1584 3414 126 30 Eindruck,
1727 3417 45 25 den
1789 3424 60 20 man
1867 3417 36 26 bei

1012 3444 126 32 flüchtiger
1156 3445 156 33 Begegnung
1332 3446 137 33 empfängt,
1486 3448 63 25 kann
1568 3448 227 33 folbſtverſtändlich
1815 3451 88 32 trügen

1013 3480 50 24 und
1083 3479 94 25 darum
1200 3479 63 31 habe
1285 3480 32 31 ich
1339 3480 115 32 verſucht,
1475 3481 187 33 zuverläſſigere
1682 3482 141 32 Auskünfte
1845 3484 61 26 über

1013 3512 37 26 die
1067 3512 51 26 drei
1137 3518 27 25 zu
1183 3513 129 32 erlangen.
1348 3514 58 27 Von
1426 3515 52 25 dem
1497 3514 111 30 Ditmar,
1626 3517 42 26 der
1688 3516 39 27 ein
1747 3517 157 32 gutmütiges

1012 3547 93 24 rundes
1118 3545 90 33 Geſicht
1220 3546 75 31 hatte,
1307 3547 63 29 weiß
1381 3554 60 19 man
1453 3548 58 31 auch
1522 3549 27 25 in
1562 3549 46 26 den
1621 3549 171 33 ſtudentiſchen
1804 3551 101 32 Kreiſen

1013 3586 49 19 nur
1078 3586 27 24 zu
1122 3579 81 31 ſagen,
1219 3580 48 31 daß
1284 3588 24 18 er
1324 3580 43 33 ſich
1382 3581 57 27 bald
1455 3582 58 32 nach
1529 3582 85 32 rechts,
1629 3582 57 27 bald
1704 3585 57 30 nach
1777 3584 73 28 links,
1866 3591 39 25 zu-

1012 3613 48 29 leßt
1077 3612 159 31 anſcheinend
1252 3615 59 31 nach
1327 3614 72 30 linf8,
1416 3614 43 32 hat
1476 3615 92 27 treiben
1585 3616 75 30 laſſen
1676 3617 52 25 und
1745 3616 159 33 wahrſchein-

1013 3645 43 31 lich
1074 3647 66 29 mehr
1160 3645 153 32 phantaſiert
1331 3648 41 25 als
1391 3648 107 31 gegeſſen
1516 3648 49 31 hat.
1600 3648 54 33 Für
1673 3651 45 25 den
1737 3650 45 27 Dr.
1801 3650 102 28 Kinder-

1011 3686 87 21 mann,
1115 3681 41 25 der
1172 3681 60 31 nach
1247 3682 68 25 allen
1330 3681 150 32 Zeugniſſen
1495 3682 42 31 ſich
1553 3683 47 26 mit
1616 3684 46 25 den
1677 3684 114 26 CE
1840 3685 65 58 en

1013 3712 122 32 Theorien
1155 3713 145 29 befreundet
1319 3721 27 25 zu
1367 3715 78 30 haben
1465 3715 90 30 ſcheint
1578 3715 44 32 hat
1641 3716 50 31 ſein
1709 3717 85 32 ſchwer
1824 3718 81 26 leiden-

1014 3747 40 27 der
1073 3746 85 28 Vater,
1178 3747 39 25 ein
1237 3747 148 31 Kaufmann
1406 3748 26 26 in
1453 3748 117 32 Durlach,
1589 3749 67 31 ſchon
1677 3750 46 25 mit
1742 3751 164 33 leidenſchaft-

1012 3779 73 31 lichen
1109 3779 104 26 Worten
1236 3787 34 21 an
1294 3781 37 27 die
1353 3781 191 32 Oeffentlichkeit
1567 3783 137 31 appelliert.
1744 3784 47 27 Ein
1815 3787 90 29 ausge-

1014 3813 124 32 zeichneter
1157 3813 258 33 Univerſitätslehrer,
1435 3815 125 31 Profeſſor
1582 3815 26 27 in
1629 3816 144 33 Tübingen,
1793 3817 43 32 hat
1857 3818 49 26 mir

1014 3847 154 31 geſchrieben:
1189 3846 60 30 „Dr.
1269 3848 174 27 Kindermann
1464 3849 27 31 iſt
1510 3848 133 33 zweifellos
1664 3850 64 33 nicht
1746 3852 40 26 als
1806 3851 99 32 Gegner

1015 3882 56 29 nach
1095 3880 110 26 Moskau
1229 3881 127 32 gefahren,
1380 3882 105 30 ſondern
1510 3883 41 30 hat
1576 3882 114 33 ſicherlich
1715 3884 39 26 die
1778 3884 126 33 ruſſiſchen

1014 3913 165 33 Verhältniſſe
1198 3915 58 26 weit
1276 3915 54 31 eher
1349 3916 28 27 in
1394 3918 81 25 etwas
1496 3916 172 29 illuſionärem
1688 3916 76 33 Lichte
1784 3918 120 33 geſehen.“

1012 3947 51 28 Der
1079 3948 114 26 Student
1212 3948 106 33 Wolſcht
1336 3950 35 30 iſt,
1388 3950 48 26 wie
1453 3950 63 32 ſeine
1534 3949 117 33 Freunde
1667 3951 136 33 ausſagen,
1822 3952 84 33 gleich-

1015 3981 57 32 falls
1092 3986 50 20 von
1162 3981 41 27 der
1224 3981 91 32 rechten
1336 3981 71 28 Seite
1427 3982 58 32 nach
1505 3982 63 26 links
1588 3982 246 35 hinübergegangen,
1855 3987 50 24 und

1014 4015 47 27 mit
1084 4014 24 29 ſo
1132 4013 89 32 großer
1245 4015 216 32 Entſchiedenheit,
1483 4016 50 31 daß
1554 4024 34 22 er,
1613 4016 57 33 troß
1693 4017 143 27 drücender
1859 4018 46 28 Be-

1015 4047 146 33 dürftigkeit,
1177 4047 128 34 freiwillig
1322 4048 54 29 eine
1393 4049 186 33 Unterſtüßung
1596 4049 155 32 zurü>wies,
1768 4052 39 27 die
1823 4061 26 19 er
1867 4051 38 26 bis

1016 4081 75 32 dahin
1107 4084 49 23 von
1169 4080 83 27 einem
1268 4081 44 33 ihn
1328 4089 29 26 zu
1372 4081 143 28 reaktionär
1529 4082 146 27 dünkenden
1691 4083 105 29 Gönner
1810 4085 95 32 erhielt.

1016 4115 72 26 Statt
1104 4114 111 27 weiterer
1232 4114 188 34 Bekundungen
1438 4115 52 27 will
1508 4115 40 31 ich,
1566 4115 44 27 mit
1627 4116 100 33 einigen
1746 4117 160 34 Kürzungen,

1016 4148 38 26 die
1067 4148 165 32 Schilderung
1247 4148 99 33 hierher
1361 4150 78 32 ſeen,
1455 4149 38 27 die
1508 4149 49 27 mir
1572 4149 49 32 ſein
1637 4149 86 31 Vater,
1739 4151 39 28 ein
1794 4151 27 28 in
1838 4152 67 32 Bop-

1016 4185 61 29 pard
1096 4181 112 27 lebender
1226 4182 150 32 ehemaliger
1395 4182 276 33 Gymnaſialprofeſſor,
1688 4184 121 33 entwirft:

1083 4217 140 29 „Herzlichen
1247 4217 64 25 Dank
1335 4218 38 29 für
1397 4218 47 30 Jhr
1468 4218 149 28 Freundliches
1642 4219 127 28 Schreiben,
1794 4221 42 23 das
1860 4220 45 24 mir

1041 4247 139 29 68jährigem
1201 4248 76 23 Mann
1299 4249 120 29 ungemein
1439 4249 129 28 wohlgetan
1588 4249 46 27 hat.
1670 4250 57 24 Was
1748 4257 47 17 nun
1817 4251 34 23 die
1872 4251 33 29 hFe-

1042 4278 122 27 wünſchten
1181 4277 172 30 Aufflärungen
1373 4279 54 23 über
1448 4279 60 27 Theo
1528 4279 88 28 angeht,
1637 4279 22 28 ſo
1679 4281 89 29 hängen
1788 4281 56 27 dieſe
1864 4281 42 23 mit

1042 4309 84 23 meiner
1150 4307 91 30 eigenen
1264 4308 109 30 Stellung
1394 4315 42 24 zur
1459 4309 76 28 Kirche
1557 4309 46 23 und
1625 4315 52 23 zum
1701 4310 82 24 Staate
1805 4317 42 24 eng
1869 4317 36 23 zu-

1042 4339 102 28 ſammen.
1187 4337 41 30 JH
1249 4338 39 24 bin
1310 4339 124 31 Anhänger
1457 4340 37 23 der
1518 4339 185 29 darwiniſtiſchen
1725 4341 102 28 Theorie.
1872 4341 33 29 Jn

1043 4367 122 30 politiſcher
1184 4367 96 29 Hinſicht
1299 4368 39 23 bin
1359 4368 30 29 ih
1409 4368 289 29 Staat3ſozialiſt,
1718 4375 66 18 wenn
1804 4370 30 29 ich
1854 4371 52 28 auch

1043 4399 71 23 weder
1133 4398 38 23 der
1190 4397 253 30 ſozialdemokratiſchen
1460 4398 52 29 noch
1530 4398 191 30 kommuniſtſhen
1741 4399 79 29 Partei
1840 4407 65 22 ange-

1043 4431 62 26 höre;
1120 4428 30 28 ich
1163 4427 76 28 dürfte
1253 4428 112 29 ungefähr
1381 4430 38 22 der
1432 4428 110 30 Richtung
1556 4429 37 22 de?
1608 4429 123 25 „Berliner
1746 4430 158 30 Tageblattes“"

1044 4458 160 32 anzugliedern
1224 4458 53 32 ſein,
1297 4459 91 31 obwohl
1407 4459 30 30 ich
1456 4459 54 30 mich
1529 4463 44 20 von
1593 4458 60 30 jeder
1673 4460 86 24 aktiven
1779 4460 127 32 politiſchen

1980 2747 145 29 Beteiligung
2143 2747 76 29 biöher
2238 2746 134 28 vollſtändig
2390 2745 155 28 ferngehalten
2563 2743 56 28 habe
2639 2743 53 35 und
2704 2743 37 26 ſeit
2760 2747 86 17 meiner

1980 2784 40 17 vor
2039 2780 23 21 17
2080 2778 90 26 Jahren
2190 2777 163 28 nachgeſuchten
2373 2777 46 22 und
2437 2776 131 27 erhaltenen
2588 2774 182 34 Penſionierung
2788 2778 58 16 nur

1980 2809 40 22 den
2050 2808 265 32 Wiſſenſchaften
2344 2807 71 28 gelebt
2443 2807 61 32 habe.
2552 2805 41 28 Jm
2623 2805 94 33 übrigen
2748 2803 100 23 tolerant

1979 2838 50 27 laſſe
2050 2838 28 27 ich
2098 2837 61 28 jeden
2178 2839 50 25 nach
2247 2842 71 19 jeiner
2337 2835 94 24 Manier
2452 2837 52 27 ſelig
2524 2836 97 33 werden.
2659 2830 39 41 Sie
2717 2833 88 34 werden
2825 2838 23 16 es

1978 2868 47 27 alfo
2046 2867 118 28 verſtehen,
2186 2867 42 27 daß
2248 2867 30 27 ich
2297 2867 96 22 meinem
2416 2866 66 32 Sohn
2504 2866 32 21 bei
2556 2870 85 28 feinem
2662 2870 41 26 im
2716 2861 132 29 September

1980 2897 93 28 vorigen
2090 2897 86 27 Jahres
2191 2896 110 28 erfolgten
2318 2896 80 27 Beſuch
2412 2896 58 22 keine
2487 2893 195 28 Schwierigkeiten
2704 2898 28 27 in
2747 2886 44 43 den
2794 2890 55 27 Weg

1979 2928 71 28 gelegt
2066 2927 61 27 habe,
2142 2927 36 23 als
2193 2934 22 15 er
2233 2927 44 22 mir
2293 2926 96 28 geſtand,
2405 2925 43 26 daß
2458 2931 29 25 er
2502 2924 88 33 zur
2600 2928 116 17 kommuni
2726 2920 122 28 ſtiſchen

1979 2956 114 27 Partei
2115 2957 247 28 übergegangen
2382 2955 37 28 ſei.
2455 2954 53 23 Wer
2531 2954 55 34 nicht
2609 2953 68 27 rechts
2697 2953 68 31 gehen
2787 2951 63 24 kann,

1980 2993 51 22 mag
2048 2986 56 23 links
2120 2986 74 28 gehen.
2226 2984 46 24 Der
2289 2985 88 27 Verluſt
2397 2985 70 25 ſeines
2484 2983 141 32 Vermögens
2642 2982 65 26 durch
2724 2982 33 21 die
2774 2979 75 33 IJnfla1-

1980 3015 54 25 tion,
2055 3015 34 23 die
2107 3015 40 27 ihn
2168 3014 90 30 nötigte,
2279 3014 37 28 ſich
2336 3014 60 26 ſelbſt
2417 3012 201 28 durchzuſchlagen,
2639 3017 51 22 mag
2706 3010 65 33 wohl
2791 3010 57 23 nebſt

1980 3045 38 22 der
2040 3044 165 28 Bekanntſchaft
2227 3044 40 23 mit
2289 3043 136 28 zahlreichen
2447 3042 116 28 ruſſiſchen
2575 3042 54 32 und
2651 3039 116 35 deutſchen
2783 3039 67 23 Kom-

1981 3074 110 26 muniſten
2114 3074 33 23 die
2166 3073 236 28 Hauptveranlaſſung
2432 3073 56 27 dazu
2511 3076 98 24 geweſen
2621 3070 85 34 ſein.
2722 3070 128 31 Außerdem

1981 3104 37 26 hat
2036 3102 39 28 ihn
2093 3103 47 23 eine
2157 3102 58 24 Nede
2232 3104 38 22 des
2288 3102 107 28 früheren
2412 3101 96 23 Rektors
2526 3102 38 30 der
2584 3099 136 24 Univerſität
2738 3098 112 23 erbittert,

1981 3134 38 22 der
2037 3132 112 29 öffentlich
2167 3132 101 25 erklärte,
2288 3138 23 17 er
2331 3133 64 21 wolle
2414 3131 58 32 keine
2487 3129 184 34 Werkſtudenten
2690 3129 77 33 haben.
2802 3127 49 22 Aus

1981 3163 58 22 allen
2072 3161 56 29 dieſen
2144 3161 109 24 Gründen
2270 3162 38 25 hat
2326 3161 61 26 Theo
2405 3160 41 24 mit
2465 3163 73 24 ſeinen
2566 3160 96 33 früheren
2677 3157 174 33 Anſchauungen

1981 3191 117 28 gebrochen
2120 3193 45 21 und
2186 3190 72 29 ſogar,
2279 3190 42 23 wie
2342 3197 24 16 er
2388 3190 44 23 mir
2454 3189 106 28 erzählte,
2589 3195 24 16 in
2635 3188 217 34 kommuniſti-

1982 3221 79 27 ſchen
2082 3220 91 28 Kreiſen
2196 3221 23 22 in
2241 3219 82 24 Berlin
2344 3220 64 22 einen
2430 3219 104 28 Vortrag
2556 3218 62 32 über
2633 3218 16 33 E
2660 3216 145 34 ntwi>klu
2816 3223 36 20 ng

1982 3252 52 21 des
2053 3249 228 29 Sozialismus
2300 3249 110 28 gehalten.
2443 3248 72 22 Wenn
2528 3248 64 33 Theo
2599 3241 67 44 ſeine
2679 3241 122 44 offizielle
2807 3245 46 32 An-

1982 3280 106 29 meldung
2112 3279 32 23 bei
2169 3281 37 21 der
2229 3278 201 33 kommuniſtiſchen
2454 3278 86 34 Partei,
2565 3278 63 24 Wm
2653 3276 66 33 ſeine
2732 3271 121 43 Einſchrei-

1982 3310 60 28 bung
2058 3310 36 22 als
2109 3308 107 29 Mitglied
2231 3308 114 27 verſäumt
2362 3308 44 27 hat,
2424 3313 21 17 ſo
2461 3310 24 24 iſt
2501 3308 47 22 dies
2563 3307 60 27 wohl
2640 3306 159 27 hauptſächlieh
2815 3306 38 22 der

1983 3338 127 23 Bummelei
2129 3337 172 29 zuzuſchreiben;
2323 3337 43 28 daß
2385 3344 23 16 er
2429 3337 37 29 fich
2483 3336 54 28 nicht
2557 3336 138 28 angemeldet
2716 3336 70 29 haben
2807 3335 46 29 ſoll,

1983 3368 103 24 wundert
2104 3368 53 28 mich
2174 3367 115 28 übrigens.

2028 3412 49 22 1922
2093 3416 47 18 war
2153 3411 58 27 Theo
2228 3412 39 22 mit
2285 3411 82 24 meiner
2385 3411 155 28 Zuſtimmung
2556 3411 37 26 auf
2610 3410 160 29 Veranlaſſung
2788 3409 67 35 ſeines

1984 3441 131 27 ehemaligen
2131 3440 131 28 Prinzipals
2278 3440 67 28 (Theo
2361 3442 37 25 hat
2414 3446 40 18 vor
2470 3442 48 22 dem
2533 3440 123 28 <emiſchen
2672 3440 106 24 Studium
2795 3446 60 17 einen

1984 3470 128 27 praktiſchen
2133 3470 85 27 Kurſus
2238 3471 38 24 auf
2296 3471 68 23 einem
2385 3470 114 28 Rittergut
2522 3472 20 22 in
2563 3471 59 22 einer
2644 3470 118 24 Brennerei
2784 3472 73 20 durch»

1984 3500 98 28 gemacht,
2101 3504 48 19 war
2169 3500 50 28 auch
2238 3500 34 22 ein
2293 3500 58 27 Jahr
2367 3501 37 22 als
2424 3499 291 30 Tiſchlerlehrling
2736 3500 31 24 bei
2786 3500 69 23 einem

1983 3529 89 27 Meiſter
2089 3529 23 24 in
2129 3529 227 30 Heſſiſch-Oldendorf,
2374 3531 26 22 da
2419 3530 29 27 ich
2466 3531 36 25 hn
2517 3530 151 27 urſprünglich
2687 3531 35 23 für
2740 3530 40 23 das
2798 3530 58 32 Vau-

1983 3558 44 28 fach
2043 3558 107 28 beſtimmt
2166 3559 62 26 hatte.
2260 3559 70 28 Schon
2346 3559 53 26 dieſe
2416 3560 42 23 Art
2476 3560 37 24 der
2531 3560 138 28 Vorbildung
2687 3562 37 23 hat
2741 3559 61 26 ſicher
2820 3565 36 18 auf

1984 3588 56 24 feine
2068 3588 184 28 kommuniſtiſche
2274 3588 131 29 Geſinnung
2437 3590 46 22 und
2505 3588 273 29 Arbeiterfreundlichkeit
2802 3589 53 23 Ein-

1983 3618 47 27 fluß
2046 3618 85 28 gehabt)
2144 3618 32 24 bei
2191 3618 60 23 einer
2269 3618 136 28 ſchlagenden
2421 3619 143 28 Verbindung
2581 3618 140 28 eingetreten,
2737 3622 35 23 hat
2788 3618 69 28 einige

1983 3647 125 27 Menſuren
2122 3648 153 27 ausgefochten
2290 3649 45 22 und
2348 3649 39 25 hat
2401 3649 38 27 ſich
2452 3649 134 27 vollſtändig
2601 3649 98 22 anderen
2713 3648 92 26 Kreiſen
2819 3655 36 22 zu-

1985 3678 113 26 gewendet.
2125 3677 49 23 Aus
2188 3678 94 27 Mangel
2297 3685 27 16 an
2337 3677 93 25 Mitteln
2443 3680 37 24 hat
2494 3685 22 17 er
2530 3679 136 28 wochenlang
2681 3678 30 24 im
2727 3678 130 24 Studenten-

1985 3706 57 27 heim
2055 3706 40 28 faſt
2109 3713 43 16 nur
2166 3711 43 18 von
2223 3708 119 22 troFenem
2355 3707 59 24 Brot
2427 3708 71 28 gelebt
2513 3708 23 22 in
2572 3708 148 28 bitterſter
2764 3712 91 20 Armut,

1984 3740 25 22 da
2028 3739 27 26 ich
2073 3740 87 23 damals
2179 3740 22 23 in
2220 3741 35 23 der
2275 3740 214 28 Inflation8periode
2509 3741 54 26 nicht
2582 3742 102 26 imſtande
2702 3746 57 20 war,
2778 3742 36 26 ihn
2833 3749 25 20 zu

1984 3768 144 28 unterſtüßen,
2145 3769 50 23 weil
2212 3769 29 28 ich
2256 3777 17 22 z.
2290 3771 25 22 B.
2333 3770 22 23 in
2372 3771 69 23 einem
2458 3770 83 24 Monat
2559 3771 70 24 (1923)
2648 3771 44 28 ſage
2706 3772 45 22 und
2769 3771 88 28 ſchreibe

1987 3800 23 20 10
2028 3798 34 28 Pf.
2081 3798 93 28 Penſion
2192 3799 85 29 erhielt,
2294 3799 22 28 ſo
2334 3800 46 27 ſehr
2400 3805 48 19 war
2467 3801 41 23 das
2527 3801 55 23 Geld
2600 3802 121 25 entwertet,
2740 3802 35 22 als
2792 3808 23 18 es
2834 3801 23 23 in

1983 3827 66 24 meine
2064 3827 75 29 Hände
2158 3829 51 23 kam.
2242 3828 59 26 Theo
2320 3830 37 28 hat
2377 3828 43 25 mit
2438 3830 73 28 ſeinen
2531 3831 137 22 Kameraden
2688 3831 44 27 ſein
2754 3832 104 28 leßtes3

1984 3856 85 25 Stü>
2087 3857 80 24 Brot
2186 3859 128 28 geteilt;
2333 3866 21 17 er
2375 3864 49 18 war
2444 3859 189 30 außerordentlich
2652 3861 75 24 beliebt
2746 3864 46 21 und
2811 3862 47 22 eine

1983 3887 89 26 biedere,
2088 3888 57 28 allzu
2163 3888 119 28 gutmütige
2300 3888 68 24 Seele.
2401 3889 55 24 Sein
2474 3890 143 28 Hauptfehler
2635 3890 25 26 iſt
2677 3890 129 30 Mangel
2824 3898 33 16 an

1984 3916 144 29 Vorſicht.
2161 3917 40 27 Im
2221 3918 91 28 übrigen
2331 3918 24 25 iſt
2374 3926 22 17 er
2416 3918 45 24 eine
2476 3919 112 28 praktiſche
2608 3919 79 24 Natur.
2714 3921 46 23 Mit
2779 3920 78 28 ſeinem

1983 3946 63 26 mehr
2062 3946 183 29 wiſſenſchaftlich
2261 3949 149 27 veranlagten
2427 3948 105 29 Freunde
2549 3948 157 24 Kindermann
2723 3950 39 27 hat
2781 3957 23 16 er
2822 3956 34 22 ge-

1984 3974 160 30 meinſchaftlich
2158 3977 39 23 das
2211 3976 142 29 Neiſeprojekt
2367 3978 128 27 entworfen,
2508 3983 42 18 von
2564 3980 45 22 dem
2623 3985 23 18 er
2661 3979 37 29 ſich
2711 3980 64 28 durch
2790 3981 67 28 Film-

1984 4004 130 29 aufnahmen
2128 4006 93 28 günſtige
2237 4007 114 27 pekuniäre
2367 4007 111 28 Reſultate
2494 4008 118 29 verſprach.
2643 4009 146 28 Hauptgrund
2805 4012 51 21 aber

1983 4038 54 30 war
2055 4034 32 24 bei
2110 4035 74 24 beiden
2213 4035 34 23 ein
2284 4037 152 28 ungezügelter
2460 4037 120 28 Reiſetrieb
2618 4040 45 21 und
2686 4039 171 24 Abenteuerluſt.

1983 4063 121 24 Beiden
2120 4064 66 30 fehlte
2202 4065 34 24 die
2253 4066 75 30 nötige
2344 4066 134 30 Erfahrung
2494 4068 46 23 und
2557 4067 114 25 Kenntnis
2688 4069 38 24 der
2744 4068 111 30 Zuſtände

1983 4092 25 23 in
2020 4092 115 30 Rußland.

2025 4137 49 29 Kap
2093 4138 143 29 Tſcheljuſkin
2254 4140 46 33 und
2319 4139 41 25 das
2379 4140 134 30 vulkaniſche
2532 4142 152 30 Kamtſchatka
2703 4144 39 28 hat
2775 4145 27 24 ſie
2821 4145 34 23 be-

1993 4168 83 23 onders
2092 4169 127 34 angeloc>t.
2238 4169 43 33 Die
2299 4170 86 28 Tſcheka
2403 4171 38 28 hat
2458 4171 57 28 dieſe
2532 4172 108 30 Angaben
2657 4179 27 22 zu
2701 4175 38 22 der
2756 4173 98 30 Anklage

1984 4197 88 33 benußt,
2087 4197 43 34 daß
2145 4198 26 28 ſie
2184 4198 134 29 Mitglieder
2333 4201 37 21 der
2383 4199 95 30 Orgeſch
2491 4200 65 28 ſeien,
2571 4202 34 24 die
2619 4203 41 24 mit
2675 4203 179 30 Weißgardiſten

1983 4231 24 17 in
2027 4226 149 30 Verbindung
2197 4228 97 26 ſtänden.
2330 4229 143 28 Bekanntlich
2496 4231 71 27 haben
2590 4237 41 19 vor
2653 4233 86 28 einiger
2760 4234 49 28 Zeit
2830 4234 23 22 in

1983 4254 151 30 Kamtſchatka
2157 4257 115 25 erbitterte
2295 4258 95 28 Kämpfe
2414 4260 104 29 zwiſchen
2542 4262 180 29 Weißgardiſten
2746 4266 46 21 und
2815 4264 38 23 der

1982 4285 74 24 Roten
2074 4286 81 24 Armee
2173 4287 158 34 ſtatgefunden.
2364 4288 60 30 Doch
2442 4290 75 24 davon
2534 4291 78 29 hatten
2631 4292 34 23 die
2683 4293 77 23 beiden
2777 4294 77 27 harm-

1983 4315 60 28 loſen
2061 4311 128 44 Studenten
2206 4323 42 28 gar
2266 4318 57 22 keine
2340 4317 107 32 Ahnung.
2480 4320 53 28 Daß
2549 4321 62 26 Theo
2628 4322 95 29 größere
2740 4322 114 25 Kenntnis

1982 4348 45 31 von
2047 4345 41 23 den
2107 4345 88 28 Plänen
2213 4346 108 35 Ditmars
2340 4348 81 28 gehabt
2441 4350 56 27 habe
2516 4351 36 23 als
2571 4351 158 24 Kindermann
2748 4352 25 28 iſt
2794 4353 58 23 Un-

1984 4374 78 34 ſinn.
2097 4375 61 34 Theo
2180 4377 45 22 und
2244 4376 95 24 Ditmar
2375 4378 98 27 ſtanden,
2511 4380 42 24 wie
2588 4381 72 24 Vater
2695 4381 159 25 Kindermann

1984 4398 95 45 ſchreibt,
2097 4408 60 32 wie
2172 4405 88 34 Hund
2277 4407 60 22 und
2350 4406 76 34 Kaß.
2459 4409 37 23 An
2514 4409 108 25 Ditmars
2641 4410 113 28 Schuld
2772 4412 82 28 glaube

1983 4433 30 29 ich
2030 4433 63 28 niht.
2127 4434 100 34 Für
2193 4429 48 44 die
2246 4435 119 34 Wahrheit
2385 4438 39 23 der
2443 4442 45 20 von
2508 4440 45 24 mir
2573 4441 54 23 über
2647 4440 60 31 Theo
2727 4442 126 30 gemachten

1983 4462 107 32 Angaben
2107 4463 54 32 ſtehe
2178 4464 30 31 ich
2225 4465 122 32 unbedingt
2364 4467 42 23 ein.
